2280 2777
1051 159 1306 195 -23-

334 262 454 300 fugeret,
476 271 494 290 a
509 261 636 290 Luciano
657 261 738 289 dives
759 261 874 299 fingitur
894 261 975 290 initio
996 261 1092 296 fuisse,
1114 260 1166 289 sed
1186 271 1238 299 per
1259 261 1374 290 nimiam
1394 262 1424 290 in
1445 265 1634 291 assentatores
1655 261 1855 290 liberalitatem
1877 261 1905 290 in
1927 265 2020 290 extre-

333 329 409 348 mam
430 318 557 356 dejectus
579 321 793 355 paupertatem,
821 322 853 346 ut
873 318 980 347 rustico
1007 327 1094 355 opere
1122 317 1229 346 victum
1256 318 1293 346 ad
1321 319 1410 347 vitam
1431 319 1621 347 necessarium
1642 318 1691 347 vix
1713 318 1768 347 sibi
1789 322 1886 356 posset
1907 328 2019 356 compa-

333 384 407 403 rare.
448 374 515 403 Jam
535 383 604 403 vero
625 373 707 403 Jovis
729 374 922 403 intercedente
951 374 1058 403 auxilio
1079 374 1107 402 in
1128 374 1276 412 pristinam
1296 375 1454 403 restituitur
1476 375 1663 413 opulentiam3
1694 379 1722 404 et
1751 375 1833 404 amici
1858 375 1908 403 ubi
1934 385 2019 413 pecu—

332 431 409 460 niam
429 440 558 469 opesque
579 430 691 459 Timoni
711 431 858 459 restitutas
880 431 1013 466 audiunt,
1043 440 1128 469 quam
1150 431 1284 459 citissime
1306 436 1471 466 accurrunt,
1498 436 1530 460 ut
1550 432 1708 460 refocillent
1728 432 1837 460 scilieet
1858 431 2020 466 amicitiam,

333 488 386 517 sed
413 498 431 516 a
451 487 570 516 Timone
597 487 765 516 verberibus
793 488 907 525 excepti
934 487 1091 516 durissimis
1118 487 1305 516 dimittuntur.
1347 487 1455 515 Plenus
1482 492 1525 516 est
1551 488 1665 517 libellus
1687 489 1867 526 egregiarum
1893 488 1929 516 de
1950 488 2019 517 stul-

332 545 397 574 titia
416 544 560 573 hominum
582 554 732 572 avarorum
755 548 782 572 et
803 544 977 582 locupletum
998 544 1210 573 sententiarum.
1252 544 1407 582 Multiplex
1436 554 1504 572 vero
1532 545 1674 573 homiuum
1696 545 1815 573 divitum
1836 544 1950 574 miseria
1970 544 2020 572 ‹le-

333 601 461 639 pingitur
476 601 503 628 in
516 601 633 637 Micyffi,
656 600 759 629 sutoris
773 601 953 638 pauperrimi,
975 601 1081 629 somnio
1096 600 1142 638 ⁵⁰),
1165 600 1213 638 qui
1234 610 1286 638 per
1300 610 1427 629 somnum
1450 600 1593 629 affluentia
1614 602 1736 630 omnium
1756 602 1896 630 bonorum
1916 602 2019 630 instru-

334 662 395 687 ctus
414 658 487 696 qalli
506 657 550 685 sui
572 657 713 685 excitatur
735 661 819 685 cantu
842 657 878 685 ab
899 666 1003 695 eoque,
1028 658 1127 696 (quum
1148 667 1200 695 per
1219 655 1459 696 μετεμψύχωσιν
1480 657 1663 695 Pythagorae
1686 659 1808 687 animum
1829 659 1858 686 in
1879 668 1909 687 se
1931 658 2018 686 eonti-

332 719 400 744 neat
421 714 527 752 gallus)
550 713 681 748 docetur,
704 723 755 751 pro
776 713 864 742 nihilo
886 723 948 742 esse
968 714 1130 742 habendam
1151 714 1271 743 divitum
1292 714 1389 742 vitam.
1432 714 1513 751 Quae
1533 723 1603 742 vera
1624 724 1698 749 esse,
1720 719 1751 743 ut
1771 715 1882 743 facilius
1903 724 2019 753 persua-

333 772 436 800 deatur
457 770 587 808 Micyllo,
610 770 722 808 magica
743 770 771 798 vi
792 769 882 808 adjuti
904 775 989 799 noctu
1010 771 1038 799 in
1061 771 1180 799 divitum
1202 770 1380 809 quorundam
1401 771 1508 799 intrant
1529 770 1641 806 domus,
1663 771 1712 799 ubi
1733 771 1877 810 adspectis
1898 771 2019 800 miserri-

332 828 385 856 mis
406 827 550 856 insomniis
572 826 799 865 turpissimisque
821 827 907 855 rebus
929 827 965 855 ad
987 837 1067 856 suam
1089 827 1255 866 pauperiem
1269 827 1424 856 laetissimo
1443 828 1536 856 animo
1553 827 1627 856 redit
1649 831 1734 856 sutor.
1756 844 1796 848 —
1818 828 1910 865 Quam
1931 828 2019 856 stulte

333 894 410 913 nova
431 893 544 922 semper
566 888 594 912 et
614 884 731 911 meliora
752 883 807 911 sibi
829 883 1030 922 concupiscant
1050 884 1199 919 mortales,
1223 884 1307 914 docet
1325 883 1445 912 Luciani
1464 885 1617 922 Naviyium
1638 895 1659 912 s.
1681 890 1757 920 vota,
1778 885 1828 913 ubi
1848 889 1906 913 tres
1929 885 2020 919 amici,

333 952 406 970 nave
427 941 456 969 in
476 940 580 969 Piraeo
602 944 756 978 conspecta
776 940 960 977 Aegyptiace.
986 940 1179 969 diversissima
1201 950 1332 979 quaeque
1359 945 1425 969 vota
1447 941 1606 979 proferunt,
1634 951 1753 978 quorum
1774 946 1891 980 propter
1911 942 2020 970 vanita-

331 1002 390 1027 tem
412 1002 440 1026 ct
462 997 583 1035 ineptias
605 1007 622 1025 a
637 997 764 1025 Luciano
785 996 922 1024 ridentur.

493 1054 548 1090 Qui
570 1053 662 1082 libelli
683 1053 751 1081 mihi
774 1053 888 1090 quidem
909 1053 1015 1081 satirae
1036 1057 1112 1081 reete
1134 1053 1267 1082 videntur
1288 1063 1371 1092 posse
1391 1053 1544 1088 nominem,
1571 1063 1627 1082 non
1649 1064 1682 1082 co
1705 1053 1820 1092 quidem
1840 1064 1939 1089 sensu,
1960 1064 2019 1092 quo

332 1111 523 1148 Quintilianus
544 1110 661 1138 satiram
682 1114 772 1138 totam
793 1120 940 1138 romanam
961 1119 1023 1138 esse
1046 1109 1127 1145 dixit,
1148 1110 1200 1138 sed
1222 1119 1268 1145 eo,
1291 1120 1347 1148 quo
1369 1121 1404 1139 ex
1427 1110 1577 1139 Germanis
1600 1111 1684 1139 etiam
1706 1110 1855 1149 Gallisque
1875 1111 1957 1139 multi
1978 1111 2019 1139 in-

330 1173 374 1197 ter
394 1167 524 1196 satiricos
545 1171 729 1195 numerantur
751 1167 918 1204 scriptores,
948 1167 1010 1204 qui,
1040 1167 1202 1204 aequalium
1223 1177 1328 1205 pravas
1350 1168 1548 1205 absurdasque
1570 1167 1801 1202 consuetudines,
1823 1168 1956 1196 vitiorum
1976 1167 2021 1196 lu-

332 1224 452 1253 culentis
475 1224 556 1261 quasi
570 1223 723 1261 propositis
739 1223 919 1261 imaginibus,
944 1223 1095 1251 emendare
1118 1224 1177 1251 risu
1200 1228 1228 1252 et
1249 1224 1286 1252 ad
1300 1234 1341 1258 ea,
1360 1233 1434 1262 quae
1452 1229 1540 1259 recta,
1562 1224 1688 1258 honesta,
1709 1224 1861 1261 prudentia
1881 1229 1955 1259 sunt,
1977 1233 2021 1252 re-

331 1291 435 1309 vocare
457 1280 620 1309 studebant.
663 1280 784 1308 Rothius
809 1290 875 1307 vero
897 1280 925 1307 in
947 1280 1077 1317 egregio,
1100 1290 1185 1317 quem
1207 1281 1243 1308 de
1265 1281 1368 1309 satirae
1390 1290 1525 1309 romanae
1547 1281 1642 1308 indole
1660 1280 1772 1318 scripsit
1792 1281 1890 1309 libello
1904 1280 1941 1319 ⁵¹)
1963 1281 2021 1309 Lu-

332 1338 444 1367 cianum
465 1337 610 1365 satiricum
632 1346 693 1364 esse
715 1336 841 1374 negavit.
885 1337 993 1365 Satiras
1016 1337 1089 1365 enim
1119 1337 1167 1374 qui
1188 1337 1314 1366 scribere
1336 1338 1419 1373 velit,
1449 1338 1611 1376 aequalium
1633 1337 1720 1366 vitam
1740 1337 1874 1375 vitaeque
1894 1338 2020 1367 rationes

331 1398 426 1423 certae
448 1393 533 1422 alicui
554 1393 677 1421 trutinae
698 1393 825 1431 imponat
846 1397 873 1421 et
895 1393 1001 1421 delicta
1023 1403 1119 1421 eorum
1141 1393 1335 1432 indignatione
1359 1394 1483 1432 quadam
1505 1394 1590 1423 animi
1611 1394 1696 1429 ferat,
1723 1404 1838 1423 necesse
1860 1404 1931 1423 esse.
1973 1394 2022 1424 Ita

330 1450 483 1479 Horatium
505 1454 532 1478 et
547 1449 718 1478 Juvenalem
739 1450 908 1487 praesertim
930 1449 967 1477 ad
990 1450 1136 1487 antiquam
1158 1451 1297 1489 majorum
1314 1451 1449 1480 virtutem
1466 1451 1601 1489 vitaeque
1619 1451 1747 1488 agendae
1764 1455 1919 1490 praecepta
1932 1461 2020 1490 quae-

333 1507 399 1536 dam
419 1507 538 1535 moralia
559 1516 581 1534 s.
604 1506 699 1534 civilia
721 1506 900 1544 respexisse;
933 1510 961 1534 et
981 1516 1102 1535 nervum
1129 1507 1233 1535 satirae
1255 1517 1317 1536 esse
1338 1512 1456 1546 propter
1477 1518 1536 1536 rem
1558 1507 1702 1546 publicam
1724 1508 1874 1545 indignari.
1916 1508 2020 1537 Lucia-

330 1574 398 1592 num
419 1573 487 1591 vero
507 1574 558 1591 suo
578 1573 635 1590 non
655 1563 825 1600 reipublicae
847 1563 956 1591 nomine
976 1562 1135 1601 indignari,
1165 1574 1217 1592 nec
1245 1565 1326 1602 sequi
1349 1569 1525 1594 constantem
1554 1565 1678 1603 aliquam
1699 1565 1727 1593 in
1748 1565 1920 1593 insectandis
1941 1565 2021 1594 vitiis

331 1621 483 1656 rationem;
511 1628 599 1657 quare
620 1619 776 1647 Luciauum
799 1619 953 1647 derisorem
974 1629 1029 1647 non
1052 1620 1197 1648 satiricum
1218 1621 1380 1650 habendum
1403 1631 1481 1656 csse,
1503 1631 1555 1650 nec
1577 1632 1730 1660 apparere,
1752 1621 1821 1659 quid
1842 1626 1957 1659 praeter
1978 1622 2021 1660 ip-

401 1757 449 1788 50)
470 1756 519 1786 Qui
538 1757 599 1780 olim
619 1756 760 1779 Lueianum
781 1764 812 1779 ex
832 1755 988 1788 Alciphronc
1014 1757 1158 1781 fabularum
1183 1758 1349 1782 satirarumvc
1376 1763 1526 1790 argumenta
1551 1759 1690 1790 sumpsisse
1716 1758 1911 1788 existimabant,
1938 1762 1965 1782 ut
1990 1759 2017 1782 in

473 1806 586 1834 somnio,
613 1806 744 1834 convivio,
763 1805 836 1834 aliis,
857 1813 943 1829 corum
962 1805 1069 1837 explosa
1083 1806 1190 1837 jamjam
1209 1810 1248 1830 est
1267 1807 1407 1837 sententia,
1427 1815 1485 1831 euin
1505 1807 1685 1839 Alciphruneni
1705 1811 1738 1833 40
1757 1814 1778 1830 c.
1799 1807 1872 1830 aunis
1892 1809 1950 1839 post
1968 1807 2018 1831 Lu-

471 1854 572 1877 cianum
591 1855 688 1877 vixisse
706 1854 773 1877 inter
792 1854 860 1877 viru»v
880 1854 969 1878 doctos
988 1858 1095 1878 constet.
1133 1855 1205 1879 Cout'.
1221 1855 1361 1879 Lehmann.
1380 1855 1422 1885 VI,
1442 1860 1502 1883 61-1.
1523 1860 1547 1880 et
1566 1856 1650 1887 Pauly
1669 1856 1788 1880 Realenc.
1807 1855 1826 1885 Ι,
1847 1859 1906 1882 515.

402 1903 451 1934 51)
472 1902 641 1926 Sehcntlialer
656 1902 807 1934 Programm
828 1906 896 1930 1844
916 1911 940 1934 p.
956 1907 979 1929 5.
992 1906 1016 1931 8.
1032 1907 1054 1930 9.
1071 1908 1109 1930 12.
1126 1908 1167 1930 15.
1204 1904 1300 1928 Eadem
1320 1905 1371 1929 fere
1391 1905 1422 1928 de
1442 1905 1536 1928 satirae
1554 1909 1645 1928 natura
1659 1904 1785 1935 judicavit
1800 1904 1927 1929 Gerviuus
1946 1905 2019 1928 Poct.

471 1951 630 1975 Nationallit.
648 1951 692 1980 m,
713 1954 772 1978 561.
792 1951 838 1974 Ed.
859 1955 914 1974 tert.
952 1951 1061 1975 ,Iuvabit
1081 1954 1258 1984 supposuisse,
1286 1961 1350 1985 quae
1375 1954 1414 1977 vir
1428 1953 1522 1984 judieii
1542 1954 1658 1977 acumine
1677 1953 1786 1985 insignis
1805 1952 1838 1977 ad
1856 1953 1923 1977 hanc
1942 1961 2020 1985 quae-

471 2000 579 2023 stionem
606 1999 796 2030 dijudicandam
823 2000 903 2029 dixit,
932 2001 964 2024 K.
980 2001 1008 2024 F.
1028 2001 1174 2032 Hermann,
1201 2003 1271 2034 Allg.
1291 2003 1448 2034 Schulzeitg.
1470 2005 1538 2030 1852
1558 2003 1617 2026 Nro.
1633 2006 1695 2028 100:
1724 2002 1780 2025 Wir
1805 2001 1883 2026 sehen
1906 2002 2020 2026 Lucians

472 2048 567 2072 XVerkc
586 2049 652 2072 nach
671 2048 723 2072 und
742 2049 807 2072 nach
834 2050 923 2072 innner
941 2049 1013 2073 mehr
1037 2058 1082 2073 aus
1108 2050 1165 2074 deni
1192 2051 1384 2082 persiflirenden
1407 2051 1499 2075 Seherz
1525 2051 1569 2075 des
1588 2050 1737 2074 komischen
1758 2050 1902 2082 Gespriichs
1922 2051 1949 2074 iu
1968 2050 2019 2074 den

470 2096 616 2120 ziirncnden
636 2097 711 2120 Ernst
732 2097 775 2121 der
795 2098 876 2121 Satirc
895 2098 1057 2129 iibcrgehen,
1085 2099 1135 2123 und
1155 2099 1242 2123 solche
1263 2099 1405 2130 Schriften,
1425 2100 1465 2124 die
1487 2101 1574 2123 seiueu
1595 2104 1627 2126 50
1647 2107 1670 2123 u.
1692 2103 1772 2131 [inger
1789 2099 1887 2123 Jahren
1906 2099 2020 2131 angeliti-

471 2153 529 2175 rcn,
555 2145 613 2169 sind
637 2153 668 2169 zu
694 2146 778 2169 seiuer
797 2146 984 2178 Beurtheihuig
1004 2155 1043 2171 am
1063 2147 1236 2180 wichtigsten.
1274 2149 1402 2181 Nirgends
1421 2150 1490 2181 zeigt
1509 2149 1565 2173 sich
1585 2149 1639 2172 scin
1659 2148 1728 2172 Eifer
1755 2148 1795 2172 ffir
1812 2148 1948 2172 Wahrheit
1966 2148 2019 2172 und

471 2194 613 2226 gediegcue
633 2194 837 2224 VVissenschat‘t,
857 2196 912 2218 sein
932 2196 1001 2220 Hass
1022 2204 1104 2228 gegen
1123 2197 1205 2229 Trug,
1227 2196 1390 2221 Ostentatiun
1409 2198 1460 2222 und
1478 2197 1689 2222 Aufschnciderei
1708 2197 1735 2220 111
1755 2204 1783 2220 so
1802 2196 1900 2220 klarem
1918 2197 2018 2226 Liehte,

470 2243 518 2265 wie
536 2242 606 2269 hier,
630 2251 669 2267 wo
689 2252 716 2266 er
735 2244 789 2267 sicli
810 2244 881 2268 nicht
900 2245 926 2268 in
946 2245 991 2269 der
1009 2245 1212 2277 Allgemeinheit
1229 2246 1346 2278 fingirtcr
1364 2247 1550 2271 Karrikaturen
1571 2246 1615 2270 des
1635 2246 1735 2270 Lebens
1755 2245 1823 2275 halt,
1842 2244 1953 2269 sondcru
1973 2245 2017 2270 be—

470 2291 582 2314 stimmte
601 2291 731 2315 Pcrsonen
751 2292 795 2316 der
814 2293 998 2318 Wirklichkeit
1024 2295 1070 2318 mit
1090 2295 1306 2327 schonungsloscr
1324 2296 1459 2319 iValnhcit
1478 2295 1596 2327 angreift.
1633 2294 1762 2326 PaulyuS,
1788 2293 1894 2318 Uebers.
1914 2294 2019 2318 Einlcit.

471 2339 495 2363 S.
509 2342 538 2369 8,
563 2340 679 2364 Jacobus
698 2341 725 2363 in
744 2341 809 2365 libro
829 2342 932 2366 laudato
951 2346 1030 2375 p.1-1.
1045 2346 1090 2372 20,
1116 2343 1244 2374 Rankeus,
1264 2344 1357 2368 Pollux
1378 2349 1402 2368 et
1421 2344 1527 2367 Lucian.
1546 2352 1571 2376 p.
1587 2347 1634 2373 57,
1658 2343 1766 2367 Lueiaui
1786 2343 1946 2367 honestatem
1965 2352 2019 2367 mo-

472 2396 578 2419 rumque
597 2389 792 2413 sanctimoniam
813 2390 889 2414 nimis
908 2391 1042 2415 extollunt.
1080 2391 1199 2416 Rankeus
1218 2393 1292 2417 illum
1312 2401 1410 2417 summo
1438 2392 1527 2416 ardore
1552 2400 1597 2424 pro
1616 2393 1709 2415 virtute
1728 2399 1870 2424 pugnasse,
1899 2393 2019 2416 vitiorum

473 2437 656 2468 turpitudinem
674 2438 849 2470 perhorruisse
863 2439 999 2469 judicavit.
1036 2440 1140 2465 Rectius
1156 2441 1299 2466 Lueianum
1318 2442 1517 2465 aestimaverunt
1536 2441 1661 2470 Neander,
1680 2440 1884 2472 Kirehengesch.
1904 2441 2019 2472 2.Ausg.

473 2484 492 2514 Ι,
509 2488 568 2512 269.
605 2486 769 2517 Tzschirner,
797 2487 853 2511 Fall
873 2487 917 2512 des
936 2488 1075 2513 Heidcnth.
1088 2490 1107 2519 I,
1123 2493 1282 2518 154-160.
1320 2490 1466 2520 Schlosscr,
1486 2489 1712 2514 Universalhistor.
1733 2489 1838 2513 Uebers.
1856 2489 1901 2519 111,
1921 2493 1945 2516 ⁶2.
1959 2494 2019 2516 220.

472 2533 578 2559 Weisse.
598 2535 688 2560 Jahrb.
708 2537 748 2561 fin·
767 2537 964 2562 wissenschaftl.
983 2538 1069 2562 Kritik
1090 2541 1167 2566 1832.
1186 2539 1245 2563 Nro.
1261 2542 1302 2566 72.
1323 2539 1374 2563 und
1394 2538 1485 2563 ebcnd.
1505 2538 1585 2563 Halm
1606 2541 1682 2566 1838.
1702 2538 1734 2562 H.
1754 2538 1778 2562 S.
1794 2541 1853 2566 227.
