2280 2777
915 153 1168 188 ...18-

200 261 318 290 Photius
346 260 430 298 legit,
452 268 507 287 non
527 257 681 290 habemus,
711 255 791 284 nulla
813 259 873 284 arte
900 254 974 283 solvi
1002 264 1103 293 posse,
1137 255 1166 283 in
1196 264 1230 283 eo
1257 254 1371 283 videtur
1399 255 1652 293 acquiescendum,
1683 259 1714 284 ut
1739 261 1790 285 aut
1817 266 1882 285 cum

200 318 306 346 Bahrio
322 316 358 355 ³⁹)
387 315 517 354 judices,
544 313 702 341 Lucianum
726 316 755 340 et
775 311 953 350 Appulejum
975 311 1103 340 fabulam
1126 310 1268 340 Graecam
1289 321 1306 339 a
1326 311 1416 339 Lucio
1438 311 1570 341 Patrensi
1590 313 1735 341 inventam
1766 317 1880 341 secutos

201 384 264 403 esse
284 379 350 407 aut,
374 382 410 400 ne
432 371 550 399 aliorum
571 368 676 397 scrinia
697 368 866 406 compilasse
885 367 932 396 vel
954 368 1061 396 alienos
1082 368 1173 396 libros
1195 367 1369 396 contraxisse
1391 367 1522 397 videatur
1542 369 1700 404 Lucianus,
1723 379 1787 398 cum
1807 369 1884 398 Pau-

200 432 248 469 lyo
259 430 296 468 ⁴⁰)
319 438 412 458 sumas
434 425 627 460 verisimilius,
654 425 813 454 Lucianum
833 429 960 453 nostrum
977 425 1139 462 principem
1160 424 1303 453 invenisse
1324 433 1434 453 omnem
1456 425 1528 453 hanc
1550 425 1691 460 fabulam,
1725 435 1810 463 quam
1830 434 1884 463 per

201 496 325 516 errorem
346 483 476 513 tribuerit
496 482 617 510 Photius
639 481 729 510 Lucio
750 481 897 516 Patrensi,
928 482 991 521 (qui
1011 491 1153 519 nusquam
1173 481 1228 509 nisi
1248 481 1276 509 in
1300 481 1421 509 Luciani
1440 481 1514 509 libro
1533 481 1684 520 exstiterit)
1707 492 1793 520 quam
1812 491 1882 510 vero

200 544 286 572 latine
307 539 492 570 illustraverit
518 538 697 576 Appulejus;
730 538 893 566 breviorem
915 542 1010 566 autem
1038 538 1130 566 libelli
1157 537 1292 572 formam,
1325 537 1439 575 qualem
1466 547 1541 566 nunc
1566 538 1688 576 legimus
1712 539 1740 567 in
1761 538 1883 567 Luciani

201 599 345 638 operibuS‚
368 601 396 625 et
417 606 502 633 quam
520 595 640 624 Photius
661 598 693 623 ut
714 605 731 623 a
745 595 871 623 Luciano
894 595 1050 632 protectam
1071 599 1223 628 memorat,
1246 604 1262 622 a
1285 594 1384 622 seriori
1405 593 1529 631 quodam
1548 595 1686 633 scriptore
1709 599 1883 624 contractam

200 665 274 690 esse,
297 657 470 682 contractam
490 661 559 680 vero
581 661 617 680 ex
638 651 702 689 ipsa
722 651 773 679 illa
794 652 918 689 genuina
940 651 1127 689 ampliorique
1148 651 1268 679 Luciani
1289 650 1460 679 narratione.

356 710 396 737 At
418 709 454 737 ad
481 712 560 737 recta
582 708 667 737 etiam
694 712 721 736 et
743 708 863 736 honesta
883 708 1041 736 Lucianum
1068 707 1227 736 advertisse
1255 707 1379 735 animum
1407 711 1435 735 et
1461 707 1557 735 studia
1582 708 1731 745 graviora,
1764 708 1883 746 majora,

197 767 340 797 severiora
360 765 414 794 sibi
436 765 572 803 elegisse,
603 765 764 802 omissoque
790 764 931 802 flagitioso
953 764 1006 792 isto
1029 768 1056 792 et
1077 764 1220 793 obscoeno
1237 763 1354 803 jocandi
1384 773 1490 801 genere
1512 764 1633 792 alterum
1655 764 1821 792 adhibuisse
1842 763 1883 792 fa-

197 825 334 853 cetiarum
355 832 446 861 genus
461 821 499 860 ⁴¹)
523 822 654 859 elegans,
682 821 837 856 urbanum,
868 821 1062 858 ingeniosum,
1093 821 1245 850 luculentis
1266 831 1334 850 sane
1357 821 1498 859 exemplis
1520 821 1729 849 demonstratur
1751 821 1799 855 iis,
1833 820 1884 858 qui

196 892 269 909 nunc
291 879 458 908 numerandi
479 879 612 907 videntur
630 879 721 907 libelli
743 882 790 910 30.
815 882 863 909 51.
904 878 1044 916 Nigrinus
1066 882 1094 906 et
1117 879 1246 917 Cynicus.
1289 879 1441 916 Nigrinus,
1464 878 1610 906 Romanus
1630 882 1663 906 ut
1683 877 1798 905 videtur
1820 877 1881 916 (17.

196 939 254 975 26.)
276 936 480 975 philosophus,
513 936 641 964 Luciano
658 935 720 973 jam
742 940 895 973 antequam
916 936 944 963 in
967 935 1092 964 Galliam
1114 936 1261 974 profectus
1283 940 1359 964 esset
1379 935 1527 974 paulisper
1549 935 1694 972 cognitus,
1726 938 1791 972 post
1814 933 1883 963 Gal-

195 995 279 1023 licam
300 1003 368 1021 vero
391 993 638 1021 commorationem
658 992 850 1021 familiaritate
869 992 966 1030 aliqua
987 993 1163 1031 conjunctus,
1185 992 1426 1031 disputationibus
1449 992 1508 1020 suis
1532 991 1743 1020 adolescentem
1764 991 1802 1019 ad
1822 990 1885 1029 phi-

197 1051 344 1088 losophiae
365 1050 461 1079 studia
482 1053 510 1078 et
530 1053 686 1088 praecepta
706 1049 875 1087 gravissime
898 1049 1077 1078 incitaverat.
1120 1050 1224 1088 Itaque
1250 1051 1393 1079 Lucianus
1416 1051 1444 1079 in
1465 1051 1519 1078 hoc
1539 1049 1638 1078 libello
1661 1049 1750 1077 amico
1772 1047 1886 1076 cuidam

197 1112 307 1142 narrat,
343 1117 428 1145 quam
451 1106 570 1144 egregia
590 1106 727 1144 Nigrinus
749 1116 844 1134 eoram
871 1106 933 1143 ipso
962 1106 1155 1144 disputaverit
1182 1107 1344 1145 librumque
1372 1107 1447 1136 hunc
1477 1107 1514 1135 ad
1535 1106 1686 1143 Nigrinum
1712 1105 1825 1134 mittere
1852 1113 1884 1132 se

197 1165 271 1192 velle
293 1164 361 1192 dicit
393 1163 513 1203 (initio),
547 1167 580 1191 ut
600 1168 713 1201 gratum
744 1163 917 1200 pietatisque
939 1163 1056 1201 plenum
1078 1174 1115 1192 ex
1135 1164 1191 1192 hoc
1211 1164 1380 1193 munusculo
1409 1167 1564 1201 cognoscat
1594 1162 1726 1199 discipuli
1749 1161 1882 1189 animum.

198 1221 399 1249 Subridentem
422 1220 538 1258 quidem
559 1220 660 1248 videas
680 1219 837 1248 Lueianum
860 1220 895 1247 de
916 1220 1045 1255 insolita,
1067 1230 1153 1258 quam
1174 1231 1244 1259 prae
1265 1231 1296 1250 se
1317 1221 1384 1255 fert,
1415 1221 1571 1258 gravitatc;
1602 1223 1631 1248 at
1653 1219 1758 1246 fatetur
1779 1222 1884 1252 tamen,

197 1278 372 1317 poenituisse
393 1287 424 1306 se
446 1277 523 1306 vitae
545 1281 693 1305 anteactae
716 1286 802 1314 quum
823 1276 975 1314 Nigrinum
997 1277 1110 1306 audiret
1132 1282 1231 1306 contra
1252 1288 1298 1306 res
1319 1278 1474 1311 humanas,
1504 1277 1633 1310 divitias,
1661 1276 1798 1309 honores,
1828 1274 1886 1302 alia

197 1335 404 1373 disputantem,
426 1334 529 1371 quibus
550 1334 696 1372 perceptis
716 1334 868 1363 lacrimans
890 1334 1036 1363 Lucianus
1061 1335 1185 1372 primum
1208 1345 1244 1363 ex
1265 1335 1418 1364 tenebroso
1439 1334 1542 1372 prioris
1565 1333 1641 1361 vitae
1663 1336 1730 1361 aere
1753 1331 1790 1360 ad
1811 1341 1886 1360 sere-

196 1392 314 1420 nitatem
335 1400 494 1429 puramque
516 1390 645 1419 idearum
666 1391 760 1419 lucem
792 1391 964 1420 converterit
985 1391 1085 1420 oculos
1118 1392 1158 1431 (4.
1179 1392 1220 1430 5).
1262 1391 1388 1429 Egregie
1417 1401 1485 1419 sane
1515 1390 1658 1419 Lucianus
1687 1390 1746 1428 (55.
1768 1388 1819 1426 56)
1849 1388 1885 1417 de

197 1449 317 1477 hominis
339 1448 432 1477 animo
454 1457 523 1476 vera
543 1448 656 1477 virtutis
677 1448 889 1486 praedieatione
912 1452 940 1476 et
963 1449 1163 1477 exhortatione
1199 1448 1313 1487 penitus
1344 1451 1474 1486 correpto
1496 1446 1586 1475 verba
1606 1446 1688 1480 facit,
1719 1449 1748 1474 et
1768 1444 1888 1483 igniculi

197 1506 325 1540 virtutis,
353 1505 403 1543 qui
424 1509 482 1533 tam
505 1504 554 1533 diu
575 1505 706 1543 oppressi
729 1504 856 1539 fuerant,
894 1505 997 1533 ardore
1030 1505 1156 1543 quodam
1177 1505 1375 1543 philosophiae
1406 1505 1567 1542 platonicae
1596 1503 1705 1531 incitati
1732 1502 1888 1530 laetissime

198 1562 344 1600 effulgent.
374 1562 484 1590 Damus
506 1561 630 1599 quidem,
655 1562 725 1589 nihil
748 1562 818 1590 certi
840 1562 876 1590 de
899 1562 1020 1599 Nigrino
1038 1562 1105 1590 sciri
1127 1563 1342 1600 Lueianumque
1364 1562 1394 1590 id
1414 1562 1536 1590 maxime
1558 1560 1750 1598 spectavisse,
1772 1563 1803 1587 ut
1817 1559 1887 1587 ima-

198 1619 292 1657 ginem
313 1618 375 1646 veri
394 1623 422 1646 et
442 1618 562 1656 perfecti
583 1618 745 1656 philosophi
766 1623 953 1656 proponeret3
983 1623 1013 1647 at
1035 1629 1130 1647 errare
1152 1619 1266 1647 videtur
1288 1619 1426 1647 Rankeus
1443 1618 1480 1655 ⁴²)
1507 1618 1555 1656 qui
1577 1617 1734 1645 rationibus
1759 1625 1815 1643 11011
1837 1614 1887 1643 ad-

199 1676 264 1704 ditis
285 1675 464 1713 suppositum
482 1675 624 1713 judicavit
645 1675 720 1703 hunc
742 1675 861 1710 librum,
896 1680 924 1704 et
944 1676 1135 1711 Wetzlarius,
1172 1675 1221 1714 qui
1243 1676 1279 1704 ab
1301 1676 1428 1704 Luciano
1449 1679 1486 1706 25
1510 1685 1648 1703 annorum
1672 1671 1887 1701 adolescentulo

198 1733 334 1770 scriptum
356 1742 419 1760 eum
442 1736 532 1770 putat.
576 1731 667 1760 Nimis
689 1732 762 1760 enim
784 1732 910 1770 perfecta
940 1737 982 1761 cst
1014 1733 1104 1761 oratio
1133 1733 1350 1770 sententiaeque
1378 1732 1468 1760 multo
1495 1732 1642 1770 graviores
1671 1730 1887 1766 uberioresque,

200 1799 284 1827 quam
306 1799 378 1827 quae
400 1790 428 1817 111
449 1789 579 1817 omnibus
601 1789 795 1826 superioribus
817 1789 896 1817 libris
919 1790 1108 1826 reperiuntur.
1132 1809 1169 1813 —
1205 1790 1332 1818 Similem
1353 1789 1530 1828 philosophi,
1553 1788 1667 1826 qualem
1690 1787 1782 1815 animo
1803 1785 1888 1814 infor-

199 1851 340 1880 maverat,
361 1846 514 1884 imaginem
534 1846 683 1884 proposuit
704 1846 850 1874 Lucianus
872 1846 899 1874 111
924 1846 1045 1883 Cynico,
1066 1847 1116 1875 ubi
1139 1846 1264 1884 Cynicus
1285 1847 1402 1885 quidam
1419 1846 1591 1879 Lucianum,
1614 1845 1663 1882 qui
1682 1848 1779 1877 antea,
1803 1853 1889 1880 quam

201 1902 301 1940 Cynici
328 1903 542 1941 praeciperent,
577 1903 654 1931 vitae
684 1903 889 1931 institutionem
916 1903 1098 1932 inhumanam
1127 1908 1155 1932 et
1184 1908 1326 1942 agrestem
1353 1904 1548 1941 judicaverat,
1587 1901 1690 1930 erroris
1720 1900 1888 1929 convincere

200 1959 296 1987 studet
316 1959 565 1997 demonstratque,
588 1960 637 1997 qui
659 1960 838 1998 paucissimis
862 1960 948 1988 robus
963 1960 1119 1998 indigeant,
1143 1961 1231 1989 vitam
1247 1970 1333 1999 agere
1348 1970 1415 1988 vere
1438 1960 1563 1997 dignam,
1587 1959 1746 1992 honestam,
1768 1961 1887 1985 naturae

201 2016 431 2051 convenientem,
452 2016 636 2054 tranquillam
657 2016 777 2054 Diisqne
799 2017 966 2054 proximam.
1011 2017 1158 2055 Suspensa
1182 2018 1298 2055 quidem
1316 2017 1485 2055 relinquitur
1502 2026 1561 2051 res,
1582 2015 1636 2044 nisi
1658 2014 1741 2043 malis
1755 2013 1791 2042 ad
1805 2013 1889 2041 finem

274 2138 322 2168 59)
341 2137 425 2168 Pauly
444 2137 626 2168 Real-Eueycl.
646 2137 665 2166 Ι,
686 2140 745 2166 640,
765 2137 806 2160 cui
825 2138 964 2161 assentitur
982 2138 1134 2169 Bernhardy
1153 2140 1216 2162 raim.
1236 2138 1365 2161 Litcratur
1383 2146 1407 2169 p.
1428 2140 1487 2164 656.

271 2187 319 2217 40)
340 2186 533 2218 Uebersctznng
550 2195 574 2218 p.
595 2190 678 2213 1045:
706 2186 755 2210 Eiu
774 2186 928 2210 sehwerlich
947 2186 1037 2210 {ichter
1056 2187 1162 2219 Auszug
1191 2195 1237 2211 aus
1257 2187 1341 2211 einem
1360 2186 1476 2210 verloren
1497 2192 1666 2217 gegangenen
1686 2183 1784 2207 Roman
1803 2182 1888 2206 dieses

341 2234 438 2263 Titels,
459 2234 503 2258 der
521 2235 614 2259 hochst
633 2235 849 2259 wahrschehilicb
869 2243 963 2259 unsern
982 2236 1080 2259 Lucian
1100 2243 1158 2259 zum
1176 2236 1310 2260 Vei-fasser
1328 2235 1406 2259 hatte.
1445 2235 1497 2258 Dcr
1516 2233 1689 2265 vielgclesene
1709 2232 1815 2263 Auszug
1833 2238 1889 2254 ver-

344 2282 450 2314 drangte
462 2302 467 2312 ,
487 2284 535 2307 wie
555 2292 581 2307 es
602 2284 716 2313 scheint,
737 2284 782 2307 das
802 2284 876 2308 {ichte
897 2292 946 2308 von
965 2284 1106 2316 Appulejus
1119 2285 1319 2316 nachgebildetc
1339 2284 1465 2315 Original.
1494 2283 1543 2306 Cfr.
1559 2285 1690 2314 praeterea
1703 2279 1889 2304 Lehmanuium

342 2331 384 2357 Vl·
405 2335 455 2358 503
475 2332 643 2356 Wetzlarium
663 2333 679 2357 l.
695 2333 710 2357 l.
732 2342 754 2365 p.
770 2337 811 2362 22,
831 2333 873 2364 qui
893 2341 982 2364 parum
1002 2337 1075 2357 acute
1096 2334 1162 2358 hanc
1182 2342 1235 2358 rem
1255 2334 1407 2365 attigeri1nt;
1440 2331 1601 2355 Wiclandius
1630 2329 1825 2360 Uebcrsctzung
1845 2327 1889 2356 IV,

344 2383 491 2409 296-504,
510 2382 553 2412 qui
572 2381 603 2405 de
623 2381 748 2413 Appulcju
769 2383 849 2406 tacuit
868 2390 949 2414 neque
968 2382 1089 2406 Photium
1104 2383 1167 2406 satis
1182 2386 1256 2406 caute
1270 2382 1366 2414 legisse
1380 2381 1497 2410 videtur,
1517 2388 1617 2405 omnem
1631 2379 1696 2403 hanc
1714 2377 1889 2409 quaestionem

342 2427 507 2459 perturbavit.

275 2476 324 2508 41)
344 2476 397 2500 Cic.
418 2476 447 2499 (10
467 2477 567 2502 Officiis
586 2478 606 2507 I,
629 2482 671 2505 29.

274 2525 324 2556 42)
344 2525 437 2549 Pollux
457 2530 481 2549 et
500 2525 628 2551 Lucianus
648 2535 671 2559 p.
692 2530 734 2553 23.
773 2527 887 2551 Wetzlar
906 2536 929 2560 p.
951 2531 994 2555 36.
