2280 2777
1060 171 1316 206 -21-

507 275 586 312 Quos
606 274 720 303 libellos
742 274 822 302 annis
844 274 910 303 cire.
933 276 1108 308 160—166,
1128 276 1160 301 ut
1179 276 1325 310 putamus,
1355 272 1491 311 scriptos,
1519 272 1625 310 excipit
1641 272 1703 311 jam
1720 272 1834 301 tertium
1855 272 2026 311 scriptorum

347 333 557 362 Lucianeorum
577 341 684 369 genuS,
707 330 786 369 quod
806 335 938 359 versatur
961 330 991 358 in
1010 329 1120 364 satiris,
1147 329 1251 366 quibus
1272 329 1395 357 omnium
1417 329 1547 358 ordinum
1568 329 1786 358 consuetudines
1807 339 1841 358 ac
1866 329 1936 358 vitia
1955 339 2026 357 naso

346 390 454 419 Noster
467 388 617 427 suspendit
636 388 755 416 adunco.
785 388 827 416 At
840 397 927 425 quum
946 386 1069 415 Athenis
1089 386 1235 414 rhetorum
1247 385 1401 423 praecipue
1414 385 1705 424 philosophorumque
1715 395 1769 415 usu
1781 396 1815 414 ac
1826 385 2028 414 consuetudine

346 449 513 485 perspectos
532 444 653 473 haberet
674 444 810 473 ridiculos
830 453 938 477 mores,
970 443 1061 481 pn'mo
1081 441 1250 470 numerandi
1270 441 1404 470 videntur
1423 441 1502 477 libri,
1532 443 1580 480 qui
1601 442 1792 472 inscribuntur
1812 444 1933 475 [ιο-[14
1953 443 2028 471 Rhe-

347 508 440 532 tormn
456 507 642 540 praeceptor,
663 503 833 536 Eunuchus,
865 501 1033 534 Parasitus,
1063 499 1227 528 Conrivium
1248 509 1271 526 3.
1292 499 1448 536 Lapithae,
1479 499 1600 527 vitarum
1621 500 1721 528 auctio.
1762 499 1920 528 Rhetorum
1946 508 2028 537 prae-

347 563 493 597 ceptorem
517 559 547 587 in
567 559 660 588 fronte
685 559 857 587 collocamus
877 557 1044 591 satirarum,
1075 565 1128 584 nec
1149 555 1283 584 deessent
1309 555 1451 590 rationes,
1482 555 1506 583 si
1534 555 1597 592 quis
1625 565 1688 584 eum
1714 556 1820 584 librum
1848 556 1943 584 statim
1962 560 2029 594 post

346 615 507 644 rhetoricae
537 616 615 644 vitae
642 615 847 644 institutionem
875 613 1057 650 Galliamque
1084 612 1213 640 relictam
1240 622 1257 640 a
1276 611 1403 640 Luciano
1430 611 1568 649 scriptum
1597 622 1659 640 esse
1685 613 1843 650 judicaret3
1877 612 2027 651 repudium

347 673 422 701 enim
443 672 526 710 quasi
545 672 631 701 mittit
653 672 799 700 Lucianus
822 670 875 699 arti
896 670 1071 704 rhetoricae,
1101 668 1284 697 acerbissime
1303 667 1521 706 perstringendo
1540 669 1701 705 aequalium
1721 669 1867 697 rhetorum
1887 669 2027 698 confiden-

347 729 431 764 tiam,
452 729 609 764 inscitiam,
630 728 844 767 impudentiam.
875 727 1006 755 Duarum
1028 726 1116 760 enim,
1138 725 1242 763 quibus
1256 725 1293 753 ad
1306 725 1467 753 rhetoricae
1481 724 1550 753 artis
1567 724 1680 753 laudem
1693 725 1884 763 perveniatur,
1905 726 2026 759 viarum,

347 796 467 824 quarum
489 790 611 824 angusta
633 790 661 814 et
682 785 771 823 spinis
792 784 885 813 obsita
906 783 942 812 sit
964 783 1069 817 altera,
1100 782 1193 810 altera
1219 781 1368 811 commoda
1395 786 1423 810 et
1451 781 1660 815 amoenissima,
1695 792 1740 817 se,
1768 792 1819 820 per
1846 782 1964 810 ironiam
1985 782 2026 810 ait

347 843 506 877 Lucianus,
537 843 588 871 illa
609 842 676 871 olim
697 841 859 870 ascendisse
881 839 1010 878 plurimis
1035 839 1097 867 sine
1125 843 1205 867 recta
1231 839 1341 867 ratione
1372 838 1512 876 susceptis
1536 838 1685 873 molestiis,
1720 838 1796 876 quod
1823 849 1859 867 ex
1879 839 2027 867 laboribus

346 900 427 928 nasei
446 899 524 928 bona
546 910 611 928 eum
630 898 759 927 Hesiodo
781 896 949 931 crediderit3
973 900 1001 924 at
1023 896 1143 934 jamjam
1163 905 1193 924 se
1213 895 1327 929 videre,
1347 895 1449 923 melius
1466 894 1561 923 incedi
1582 895 1685 929 altera,
1706 895 1755 923 ubi
1774 896 1834 924 sine
1847 895 1907 924 ullo
1928 895 2027 924 labore

348 966 453 994 magna
474 966 538 985 cum
566 956 717 994 voluptate
737 954 906 983 brevissimo
929 957 1056 990 tempore
1085 952 1250 980 addiscatur
1270 951 1412 980 rhetorica
1433 952 1473 989 (7.
1487 951 1540 989 8.).
1582 951 1623 979 At
1644 961 1677 979 ca
1698 952 1790 980 omnia
1809 962 1865 981 non
1885 957 1943 981 tam
1964 952 2029 980 ideo

347 1013 443 1042 dicere
470 1013 561 1041 voluit
582 1012 741 1046 Lucianus,
781 1015 814 1039 ut
838 1010 915 1038 vitae
944 1013 1132 1038 commutatae
1159 1008 1294 1037 redderet
1320 1009 1461 1042 rationes,
1504 1007 1556 1036 sed
1584 1007 1622 1036 ad
1648 1013 1754 1037 certum
1782 1009 1925 1046 quendam
1952 1010 2027 1037 inter

347 1069 484 1107 aequales
511 1069 654 1098 rhetorem
675 1068 785 1096 animos
806 1066 962 1104 legentium
983 1066 1074 1094 voluit
1096 1066 1229 1104 dirigere.
1279 1064 1363 1102 Quod
1389 1065 1584 1093 demonstrant
1615 1075 1676 1103 cap.
1699 1069 1744 1096 11.
1768 1069 1814 1096 12.
1837 1070 1883 1097 17.
1905 1070 1953 1097 25.
1975 1070 2023 1097 25.

347 1125 459 1163 Quibus
479 1126 549 1154 locis
571 1136 635 1155 cum
659 1125 784 1163 corporis
805 1123 922 1152 habitus
950 1123 1100 1151 universus
1121 1122 1333 1151 accuratissime
1354 1122 1526 1160 depingatur
1554 1125 1582 1149 et
1604 1121 1730 1156 exoleta,
1765 1132 1839 1160 quae
1862 1122 2026 1151 adhibenda

347 1183 404 1212 sint
425 1182 547 1217 rhetori,
568 1183 659 1211 verba
679 1185 878 1214 numerantur,
902 1179 1025 1217 denique
1048 1189 1112 1207 cum
1131 1189 1235 1207 nomen
1255 1179 1340 1207 etiam
1361 1179 1473 1207 dicatur
1493 1178 1639 1213 hominis,⁴
1660 1179 1708 1216 qui
1728 1179 1892 1217 Aegyptius
1913 1179 2028 1208 videtur

348 1239 451 1274 fuisse,
484 1243 512 1268 et
533 1249 635 1268 nomen
662 1238 781 1267 Pothini
811 1248 875 1266 cum
898 1236 953 1264 alio
974 1236 1141 1270 mutaverit,
1174 1240 1207 1264 ut
1230 1236 1291 1274 jam
1317 1235 1393 1264 idem
1420 1245 1483 1264 cum
1508 1235 1657 1263 Dioscuris
1688 1235 1817 1273 (Castore
1845 1241 1873 1264 et
1898 1236 2027 1271 Polluce,

347 1293 458 1333 Λήδας
477 1297 529 1326 καῖ
551 1293 630 1329 Λιᾰς
652 1296 760 1325 παισὶν
783 1292 955 1331 ὁμώνυμος)
984 1297 1067 1330 gerat
1087 1302 1205 1320 nomen:
1233 1292 1325 1327 fuere,
1358 1292 1407 1329 qui
1426 1291 1575 1320 Pollucem
1596 1291 1769 1320 Onomastici
1790 1296 1936 1321 auctorem
1955 1293 2029 1321 indi-

347 1353 406 1381 cari
427 1357 455 1381 et
474 1352 629 1391 perstringi
650 1352 704 1380 hoe
724 1351 823 1380 libello
844 1354 986 1389 putarent.
1030 1349 1122 1386 Quam
1143 1349 1311 1377 sentent-iam
1333 1358 1350 1376 a
1371 1348 1532 1377 Scholiasta
1549 1349 1609 1387 jam
1638 1354 1666 1377 et
1686 1349 1816 1377 Marcilio
1844 1349 2029 1388 propositam,

347 1409 385 1438 ab
405 1409 638 1443 Hemsterhusio,
661 1408 790 1436 Gesnero
812 1408 1022 1446 impugnatam,
1044 1407 1206 1445 nuperrime
1228 1405 1356 1434 defendit
1372 1405 1510 1434 Rankeus
1526 1404 1580 1444 4⁸),
1612 1406 1716 1444 aliique
1737 1406 1840 1434 iratum
1860 1406 2028 1441 Lucianum,

348 1466 428 1504 quod
447 1465 554 1494 Pollux
582 1465 729 1493 Commodi
758 1464 954 1502 imperatoris,
991 1469 1051 1493 tum
1079 1463 1285 1492 adolescentuli
1311 1462 1418 1491 electus
1445 1462 1482 1490 sit
1509 1467 1691 1501 praeceptor,
1722 1463 1775 1491 hoc
1802 1462 1902 1491 libello
1927 1462 2029 1491 ulcisci

347 1523 472 1552 voluisse
494 1521 634 1560 putabant
656 1521 788 1560 injuriam
810 1532 826 1550 a
848 1521 975 1550 feliciore
1004 1521 1189 1559 competitore
1218 1519 1271 1548 sihi
1292 1519 1410 1547 illatam.
1453 1519 1601 1547 Pollucem
1628 1520 1780 1557 perstringi
1806 1519 1875 1547 mihi
1901 1519 2027 1557 quidem,

347 1589 412 1608 cum
432 1579 576 1607 Lucianus
599 1579 659 1616 ejus
680 1578 800 1606 nominis
822 1578 904 1616 quasi
925 1577 1161 1616 praeformaverit
1186 1576 1300 1611 literas,
1335 1580 1418 1604 extra
1444 1575 1650 1604 dubitationem
1676 1576 1798 1614 positum
1824 1576 1947 1605 videtur.
1988 1576 2027 1604 Et

346 1641 404 1665 stat
421 1635 536 1664 Rankei
549 1635 705 1669 sententia,
727 1635 839 1663 etiamsi
855 1645 911 1662 non
925 1635 1018 1663 omnia
1030 1634 1208 1672 reperiantur
1226 1633 1254 1661 in
1269 1632 1465 1667 Onomastico,
1487 1642 1560 1670 quae
1574 1633 1718 1661 Lucianus
1737 1637 1886 1668 memorat,
1909 1633 2024 1661 exoleta

346 1692 449 1728 verba,
486 1696 529 1721 est
551 1692 625 1720 enim
646 1701 680 1720 ea
702 1692 866 1720 Lucianeae
887 1692 991 1720 satirae
1011 1691 1099 1725 ratio,
1130 1695 1162 1719 ut
1187 1699 1244 1718 non
1271 1699 1304 1718 ea
1329 1689 1413 1718 modo
1441 1689 1470 1717 in
1497 1690 1695 1718 contumeliam
1721 1689 1864 1718 hominum
1889 1690 1945 1728 ipsi
1964 1699 2024 1718 mo-

346 1750 485 1778 lestorum
507 1749 645 1783 conferat,
679 1758 752 1786 quae
773 1758 841 1776 vere
863 1748 991 1776 fecerunt
1011 1748 1059 1776 vel
1080 1747 1227 1781 dixerunt,
1255 1747 1307 1775 sed
1329 1756 1362 1775 ea
1384 1746 1484 1781 etiam,
1513 1756 1586 1784 quae
1608 1746 1741 1774 committi
1763 1746 1799 1774 ab
1821 1746 1878 1775 illis
1899 1746 2027 1784 potuisse

346 1806 501 1834 verisimile
522 1806 567 1834 sit.
608 1805 718 1834 Eadem
740 1805 776 1833 de
797 1806 936 1834 Eunucho
963 1805 1040 1833 dicta
1062 1804 1209 1838 volumus,
1248 1803 1298 1841 qui
1324 1803 1398 1832 liber
1423 1808 1535 1841 turpem
1563 1803 1706 1841 quandam
1732 1807 1829 1831 narrat
1854 1803 1934 1831 litem
1955 1803 2030 1834 inter

346 1863 418 1891 duos
439 1862 623 1901 philosophos
644 1862 780 1890 salarium
801 1862 912 1900 regium
932 1866 1063 1900 petentes
1084 1865 1184 1889 ortam.
1227 1860 1353 1897 Quorum
1373 1860 1459 1895 alter,
1481 1870 1583 1898 quum,
1606 1860 1683 1898 quod
1700 1860 1854 1888 Eunuchus
1867 1859 1914 1895 sit,
1935 1860 2029 1889 minus

343 1919 490 1958 judicetur
513 1919 550 1947 ad
571 1918 728 1947 docendam
749 1919 960 1957 philosophiam
982 1923 1065 1956 aptus
1088 1927 1150 1946 esse
1172 1917 1207 1945 ab
1230 1917 1337 1952 altero,
1360 1927 1376 1945 a
1397 1917 1481 1945 tertio
1502 1917 1625 1955 quodam
1647 1916 1779 1945 adulterii
1802 1920 1953 1945 accusatur
1972 1917 2030 1945 Eu-

350 1976 469 2004 nuchus.
513 1976 572 2004 Res
589 1975 737 2013 judicibus
759 1976 796 2004 ad
818 1975 1036 2013 dijudicandum
1057 1974 1139 2003 nimis
1162 1973 1298 2009 difficilis,
1320 1974 1358 2002 ad
1379 1973 1531 2002 Caesarem
1544 1973 1714 2012 judicesque
1731 1973 1875 2002 Romanos
1890 1973 2027 2002 defertur.

347 2033 448 2061 Habes
468 2033 556 2070 igitur
578 2033 606 2060 in
618 2033 672 2061 hoc
692 2032 791 2060 libello
806 2033 922 2060 satiram
936 2032 1071 2069 scriptam
1086 2035 1184 2059 contra
1194 2030 1338 2059 institutas
1360 2031 1396 2059 ab
1415 2031 1633 2069 imperatoribus
1655 2029 1807 2059 cathedras
1828 2031 2030 2068 sophistarum,

348 2090 398 2127 qui
417 2089 542 2117 maxima
561 2089 694 2117 mercede
716 2099 733 2117 a
755 2088 928 2117 Caesaribus
950 2089 1018 2116 data
1039 2087 1239 2126 philosophiae
1261 2087 1407 2116 docendae
1436 2088 1623 2125 fungerentur
1649 2096 1780 2121 munere,
1813 2087 1880 2116 licet
1901 2087 2028 2116 moribus

348 2150 443 2175 essent
463 2146 634 2184 turpissimis
657 2151 686 2174 et
712 2146 859 2174 literarum
887 2144 1098 2183 imperitissimi.
1139 2143 1264 2172 Videtur
1290 2144 1359 2172 mihi
1387 2144 1503 2182 quidem
1523 2144 1665 2173 Lucianus
1693 2148 1804 2172 tantum
1832 2154 1865 2173 ac
1893 2148 1952 2172 tam
1979 2144 2029 2172 ho-

346 2202 493 2231 norificum
512 2202 710 2241 praeceptoris
738 2202 847 2241 publici
874 2211 976 2230 munus
1004 2201 1059 2230 sibi
1085 2201 1202 2239 petiisse
1228 2201 1366 2235 Athenis,
1403 2205 1432 2230 et
1458 2211 1522 2230 cum
1547 2201 1690 2239 repulsam
1712 2201 1838 2235 tulisset,
1871 2200 2026 2229 iracundus

346 2264 447 2288 contra
467 2269 549 2288 omne
570 2259 642 2288 illud
663 2259 824 2288 institutum
845 2263 873 2287 et
894 2259 1025 2287 rhetores
1047 2268 1080 2286 ac
1102 2258 1288 2296 philosophos
1311 2258 1413 2287 satiras
1435 2258 1636 2296 composuisse.
1679 2257 1766 2286 Falso
1787 2257 1951 2292 Prellerus,
1979 2258 2029 2296 qui

416 2397 464 2429 48)
483 2396 578 2421 Pollux
588 2400 613 2420 et
624 2396 762 2421 Lucianus.
781 2396 976 2420 Commentario.
996 2399 1073 2424 185¹.
1099 2395 1135 2419 At
1144 2403 1226 2419 errare
1241 2395 1343 2419 videtur
1351 2394 1532 2426 Rankeus,qui
1545 2394 1678 2419 Commodi
1691 2394 1792 2419 demum
1805 2399 1888 2419 aetate
1903 2396 2027 2428 scriptum

488 2446 557 2469 hunc
576 2444 694 2469 libellum
714 2445 873 2477 suspicatur,
900 2448 1034 2477 postquam
1053 2444 1148 2468 Pollux
1166 2444 1286 2468 thronum
1303 2444 1459 2468 rhetoricum
1476 2443 1586 2468 Athenis
1606 2444 1773 2468 constitutum
1791 2451 1807 2467 a
1825 2443 1964 2468 Commodo
1984 2444 2030 2468 ob-

488 2495 600 2518 tinuerit.
638 2493 702 2518 Cum
721 2494 826 2518 Rankeo
846 2494 990 2518 consentire
1008 2493 1111 2517 videtur
1128 2493 1256 2517 Prellerns
1274 2493 1301 2517 in
1319 2493 1404 2525 Pauly
1422 2492 1528 2524 Encycl.
1548 2492 1591 2522 IV,
1611 2495 1688 2519 1177.
1710 2509 1743 2513 .-
1772 2492 1983 2516 Hemsterhusius
2004 2496 2030 2516 et

484 2543 647 2567 Lehmannus
667 2543 812 2567 Lucianeae
831 2543 924 2566 satirae
943 2542 1056 2566 indolem
1076 2549 1106 2566 ac
1124 2541 1250 2566 malitiam
1268 2550 1319 2566 non
1338 2543 1401 2566 satis
1417 2546 1608 2574 perspexerunt.
1643 2540 1694 2565 cfr.
1711 2540 1850 2565 Lehmann.
1867 2541 1922 2571 VH,
1933 2545 1983 2569 515
1998 2541 2025 2565 ff.
