2280 2777
928 154 1184 188 -32-

208 265 386 299 specttorum
419 258 592 290 visionibus,
627 257 662 284 de
685 256 795 284 viribus
816 255 936 292 magieis
948 254 1000 292 ⁵7),
1032 253 1248 282 medicamentis
1271 253 1424 281 amatoriis.
1467 254 1691 283 Christianorum
1715 255 1799 283 etiam
1825 254 1908 283 mira-

209 317 275 345 cula
297 315 466 354 perstringi,
501 313 563 353 (16)
586 323 641 340 non
663 316 758 349 potest
780 320 843 339 esse
867 311 999 346 dubium;
1033 310 1084 338 sed
1106 309 1319 337 Platonicorum
1342 313 1370 337 et
1391 309 1641 347 Pythagoreorum
1662 311 1785 339 maxime
1808 320 1907 348 super-

207 374 337 402 stitiones
359 371 544 408 exagitantur
563 368 617 396 hoc
639 368 756 402 libello,
779 368 860 406 eujus
881 367 1092 395 narrationibus
1115 366 1301 394 admonemur
1331 365 1528 400 multifariam,
1563 377 1649 404 quam
1671 367 1769 395 similis
1786 366 1908 395 Luciani

209 434 288 458 aetas
317 428 383 456 huic
411 430 526 454 nostrae
549 425 577 453 in
599 424 740 462 ejusmodi
761 423 848 455 rebus
870 423 963 452 tuerit.
1007 423 1088 460 Quae
1117 433 1179 460 cap.
1200 425 1248 453 58.
1276 421 1460 459 proferuntur
1488 421 1523 450 de
1552 423 1674 451 oraculis
1703 427 1731 451 et
1764 423 1800 451 de
1827 427 1907 451 reeta

209 485 334 518 ratione,
365 482 427 522 (lto)
459 482 540 519 cujus
568 491 622 519 ope
646 480 787 519 ejusmodi
814 480 1030 518 superstitiones
1060 479 1162 507 evitari
1182 477 1306 516 possint,
1341 477 1595 506 celebratissimam
1617 480 1779 507 Aleoeandri
1798 480 1906 507 Abono-

207 541 352 569 teiclwusesss
374 542 549 576 praeparant
570 537 726 565 historiam.
769 537 804 565 In
826 547 882 574 qno
904 536 1018 570 libello,
1041 545 1126 573 quem
1147 539 1214 572 post
1236 534 1328 562 Marci
1350 533 1463 562 Aurelii
1484 534 1593 563 obitmn
1617 535 1654 573 (a.
1675 535 1744 573 180)
1767 535 1906 573 scriptum

207 606 269 624 esse
299 595 450 634 (0111148.)
476 594 537 632 jam
559 603 647 631 supra
669 593 810 627 diximus,
843 593 1053 630 Paphlagonici
1076 591 1157 620 istius
1185 590 1345 629 prophetae
1370 590 1551 618 audacissimi
1577 595 1604 619 et
1625 591 1814 619 versutissimi
1835 592 1905 625 vita,

207 662 298 680 mores
321 655 456 687 artesque
480 649 610 688 magicae
621 672 627 683 ,
650 660 702 688 per
718 661 789 688 quas
811 651 978 678 immensam
992 648 1187 677 celebritatem
1207 657 1258 685 per
1274 656 1355 674 omne
1370 646 1562 675 Romanorum
1578 647 1726 684 imperium
1741 647 1905 682 obtinuerit,

203 712 363 736 narrantur.
408 706 545 735 Sufficiat
566 706 648 735 nobis
670 712 796 736 nostram
825 707 860 734 de
884 707 939 733 hoc
966 705 1066 733 libello
1095 704 1219 732 omnium
1249 703 1307 731 sere
1336 703 1506 740 gravissimo
1537 703 1707 731 sententiam
1729 714 1814 741 quam
1837 713 1905 742 pau-

204 764 324 792 cissimis
347 772 499 800 exponere.
542 763 625 791 Ficta
647 763 788 791 credimus
815 763 941 791 maxima
971 772 1006 789 ex
1028 765 1124 799 parte,
1157 770 1231 798 quae
1259 759 1443 797 proferuntur
1472 759 1507 787 de
1534 759 1718 794 Alexandro,
1749 770 1803 788 nec
1825 759 1904 788 aliud

202 820 361 858 quidquam
383 823 519 857 putamus
541 819 699 848 Lucianum
722 819 875 847 scribenda
903 819 958 846 hac
989 817 1077 846 satira
1104 817 1228 845 voluisse
1259 816 1388 853 assequi,
1422 816 1476 844 nisi
1504 820 1535 844 ut
1564 816 1726 853 exagitaret
1747 820 1824 844 artes
1846 825 1904 844 ma-

203 877 284 914 gicas
306 876 543 913 oraculorumque
571 880 710 904 renovata
738 876 881 910 instituta,
917 883 991 912 quac
1013 884 1065 912 per
1087 884 1205 908 novam,
1238 872 1273 901 de
1302 882 1360 910 qua
1392 872 1530 907 diximus,
1560 872 1772 910 philosophiam
1793 872 1905 900 Romae

204 933 328 961 maxime
353 932 431 970 apud
454 932 647 970 Imperatores
669 933 871 970 principesque
895 931 1019 959 civitatis
1042 931 1119 958 viros
1132 930 1160 958 in
1174 939 1283 957 summo
1297 929 1403 957 honore
1417 929 1557 967 e1·ant⁵'').
1591 929 1695 966 Itaque
1717 928 1904 966 Pythagorae

202 990 243 1027 (et
267 989 422 1026 Apollinis)
445 989 636 1027 proprietates
658 989 823 1018 tribuuntur
845 987 1030 1021 Alexandro,
1061 991 1091 1015 ut
1113 986 1204 1014 femur
1225 995 1343 1014 aureum
1366 986 1443 1025 (40),
1477 985 1614 1020 cincinni,
1636 990 1732 1014 vestes
1755 985 1839 1013 albae
1854 984 1902 1022 ⁶⁹).

205 1045 276 1083 Cup.
291 1048 338 1076 [11.
362 1045 501 1074 Ponticae
524 1045 655 1074 civitates
678 1045 869 1073 nobilissimos
893 1044 1030 1081 delegant
1052 1043 1266 1075 adolescentes,
1290 1042 1394 1080 quibus
1416 1046 1447 1070 ut
1465 1052 1610 1070 sacrorum
1632 1051 1747 1070 suorum
1768 1041 1905 1070 ministris

204 1106 334 1130 uteretur
354 1101 525 1130 Alexander
538 1101 591 1140 ⁶⁰);
625 1112 687 1140 cap.
708 1104 836 1133 58—40.
865 1111 947 1129 sacra
970 1100 1108 1138 mysteria
1130 1098 1291 1127 Alexandri
1320 1103 1512 1127 memorantur
1533 1098 1579 1136 5¹).
1624 1098 1787 1136 Serpentis,
1820 1108 1906 1136 quem

202 1158 336 1195 Glycona
358 1159 489 1193 vocavit,
516 1168 655 1196 suamque
676 1158 797 1186 nummis
820 1158 905 1186 etiam
929 1157 1051 1195 exprimi
1068 1156 1153 1194 jubet
1175 1155 1327 1192 imaginem
1351 1156 1410 1192 (18.
1425 1156 1500 1192 58),
1530 1159 1557 1182 ct
1579 1154 1732 1189 Rutillius,
1765 1155 1810 1182 vir
1831 1155 1906 1183 inter

201 1214 348 1243 Romanos
370 1225 499 1243 summus
523 1216 595 1253 (51.)
629 1225 663 1242 eo
686 1214 817 1252 procedit
837 1214 965 1242 insaniae.
989 1214 1080 1249 (55),
1113 1217 1144 1240 ut
1165 1212 1328 1240 Alexandri
1354 1211 1440 1239 filiam
1468 1215 1605 1249 tanquam
1628 1211 1727 1239 Lunae
1760 1210 1847 1239 filiam
1875 1211 1905 1239 in

202 1271 415 1299 matrimonium
447 1272 542 1300 ducat.
597 1271 789 1309 Decipiuntur
816 1271 902 1298 etiam
931 1270 1010 1298 falsis
1043 1269 1167 1297 oraculis
1199 1268 1376 1296 exercituum
1405 1267 1598 1296 Romanorum
1630 1267 1717 1296 duces
1750 1268 1810 1306 (27.
1832 1267 1904 1305 [18).

202 1327 360 1356 Praeterea
384 1327 568 1363 Alexander,
590 1328 613 1356 si
635 1337 705 1355 vera
726 1327 854 1355 traderet
875 1327 1036 1359 Lucianus,
1070 1336 1121 1363 per
1143 1325 1337 1363 quadraginta
1358 1324 1418 1352 fere
1440 1334 1529 1352 annos
1552 1326 1591 1363 (6.
1607 1324 1667 1361 59.)
1700 1324 1802 1352 Asiam
1822 1333 1905 1362 prae-

201 1383 296 1421 stigiis
316 1384 374 1412 suis
397 1384 585 1419 detinuisset,
615 1388 643 1412 et
663 1384 687 1412 si
710 1384 849 1412 rationem
871 1383 951 1411 ineas
974 1384 1062 1421 (19),
1095 1382 1215 1420 singulis
1238 1382 1341 1410 diebus
1364 1381 1488 1409 ducenta
1509 1380 1568 1408 fere
1591 1381 1729 1409 edidisset
1750 1380 1903 1409 vaticinia!

201 1440 284 1477 Quae
307 1441 401 1468 omnia
423 1441 522 1469 credat
541 1440 673 1469 Judaeus
694 1440 815 1478 Apella,
839 1450 896 1468 non
919 1449 983 1477 ego.
1016 1439 1136 1467 Infitiari
1161 1438 1277 1476 quidem
1293 1448 1349 1466 non
1366 1447 1531 1476 possumus,
1552 1437 1639 1465 fuisse
1658 1437 1779 1466 Lueiani
1801 1440 1905 1471 aetate,

271 1600 321 1630 57)
342 1606 397 1629 cap.
418 1601 461 1625 56.
482 1605 547 1629 qnae
566 1601 715 1626 narrantur,
735 1596 860 1621 Goethius
881 1597 993 1620 carmine
1014 1597 1081 1628 quod
1101 1596 1251 1620 inscribitur
1270 1595 1331 1625 „der
1350 1594 1581 1626 Zauberleh1·ling“
1602 1594 1718 1618 imitatus
1739 1597 1786 1617 est.

272 1646 321 1678 58)
342 1647 443 1670 Similia
457 1646 512 1677 jam
532 1646 679 1677 suspicatus
700 1650 739 1669 est
757 1646 796 1669 vir
815 1646 981 1670 acutissimus
1009 1646 1054 1669 Dr.
1074 1645 1192 1669 Bam-ius
1219 1645 1245 1667 in
1266 1653 1295 1668 eo
1322 1644 1424 1672 libello,
1452 1651 1501 1674 quo
1521 1643 1674 1666 Philostrati
1695 1642 1725 1666 dc
1751 1642 1806 1665 vita
1824 1641 1902 1673 Apol-

343 1695 408 1719 lonii
429 1698 531 1727 opertos
552 1698 628 1718 antea
650 1698 725 1725 atque
746 1694 862 1718 occultos
883 1694 963 1718 libros
991 1695 1096 1718 criticae
1117 1694 1179 1718 artis
1200 1694 1255 1717 face
1274 1693 1372 1725 primus
1392 1692 1570 1719 collustravit,
1599 1691 1734 1723 Tiibinger
1752 1690 1903 1714 Zeitschrist

343 1747 421 1771 1832.
440 1743 484 1772 IV,
495 1737 654 1770 '121-123‘.
694 1743 729 1765 At
748 1742 895 1766 Wielandio
916 1743 959 1772 ΙΙΙ,
973 1746 1023 1770 165
1044 1744 1090 1767 cfr.
1110 1745 1184 1771 206.,
1204 1741 1306 1765 Jacobo
1328 1742 1354 1764 in
1374 1740 1435 1764 edit.
1454 1740 1598 1764 Alexandri
1616 1741 1696 1772 praes.
1714 1739 1808 1768 XVIII,
1828 1746 1902 1763 veras

345 1793 450 1816 omnino
469 1800 510 1816 res
531 1791 669 1816 tradidisse
690 1791 792 1814 videtur
810 1791 949 1814 Lucianus.
988 1792 1038 1815 (Jsr.
1060 1792 1140 1815 ctiam
1159 1791 1279 1815 Neandcr
1296 1789 1501 1821 Kirchcngeseh.
1525 1793 1547 1815 2.
1567 1789 1648 1820 Ausg.
1670 1789 1760 1818 I,158.
1773 1792 1831 1815 122.
1844 1790 1903 1815 178.

344 1841 499 1865 Tzschirner
517 1840 575 1864 Fau
595 1840 639 1864 des
660 1839 850 1863 Heidentlnuns
871 1843 928 1866 119.
951 1844 1009 1867 156.

274 1890 324 1921 59)
345 1889 406 1921 Cap.
428 1893 453 1916 4.
480 1888 629 1913 Alexander
648 1889 703 1920 ipsc
724 1888 888 1920 Pythagorae
909 1888 1002 1911 similis
1022 1896 1079 1912 esse
1099 1887 1220 1916 volebat,
1249 1887 1316 1910 unde
1337 1887 1465 1910 cincinnis
1494 1885 1613 1909 demissis
1640 1885 1704 1916 (11.)
1731 1888 1849 1917 apparet,
1876 1888 1902 1908 ct

343 1938 403 1961 alba
422 1942 492 1961 veste
513 1937 633 1966 indutus,
665 1942 693 1960 ut
713 1936 876 1968 Pythagoras
903 1937 929 1959 in
956 1937 1111 1961 Jamblichii
1139 1936 1193 1959 vita
1219 1935 1296 1967 l‘yth.
1317 1938 1358 1962 28.
1386 1935 1431 1959 cfr.
1451 1934 1573 1958 Philostr.
1593 1934 1680 1966 Apoll.
1696 1934 1716 1963 I,
1732 1936 1756 1961 8.
1783 1933 1838 1963 VII,
1859 1937 1902 1960 54.

341 1986 388 2010 Est
406 1990 539 2018 praeterea
551 1985 700 2009 Alexander
714 1989 741 2009 ut
752 1985 846 2017 Apollo
866 1983 962 2015 ¹wirnt·
983 1990 1008 2009 et
1028 1982 1126 2016 ιάτρᾰς.
1156 1984 1207 2008 Csr.
1225 1984 1255 2007 de
1275 1985 1316 2009 his
1335 1984 1412 2008 rebus
1426 1983 1599 2016 Pythagoreis
1614 1983 1683 2006 Bam·
1701 1982 1750 2006 l.1.
1767 1984 1826 2010 168.
1842 1985 1902 2009 184.

342 2035 455 2059 Meiners
475 2035 632 2059 Geschiehte
652 2034 697 2058 des
717 2034 864 2066 Frsprnngs
885 2034 937 2058 und
956 2035 1026 2058 vers.
1049 2034 1094 2058 der
1112 2034 1312 2057 Wissenschaft.
1338 2033 1358 2062 I,
1380 2036 1439 2060 178.
1458 2036 1519 2059 405.
1539 2035 1600 2059 449.

272 2083 322 2114 60)
343 2083 417 2113 Quod
437 2092 482 2115 per
501 2092 528 2107 sc
548 2083 650 2106 videtur
669 2081 838 2111 incredibile,
860 2091 916 2106 011111
938 2084 991 2115 ipsc
1011 2083 1141 2106 Lucianus
1162 2090 1218 2114 cap.
1230 2086 1271 2109 25.
1292 2082 1400 2111 dixerit,
1428 2082 1455 2105 in
1474 2081 1582 2105 urbibus
1602 2079 1704 2103 fraudes
1724 2078 1866 2103 Alexandri
1886 2087 1901 2103 a

344 2132 510 2163 paucioribus
531 2131 643 2155 creditas
663 2131 751 2155 fuisse.
790 2131 909 2154 Imitatur
928 2131 1058 2155 Lneianus
1077 2139 1122 2163 per
1142 2131 1247 2155 satiram
1266 2131 1386 2162 antiquas
1413 2131 1478 2154 istas
1497 2128 1641 2160 Cycladum
1669 2128 1695 2150 in
1714 2127 1809 2151 Delum
1830 2127 1901 2159 lega-

342 2180 426 2205 tiones
455 2180 500 2204 esr.
528 2180 656 2204 Schwenk
675 2179 840 2211 Mythologie
861 2179 905 2203 der
926 2180 1053 2203 Gne-chen
1073 2181 1098 2203 ὃ.
1117 2183 1175 2207 159.
1214 2180 1292 2203 Gijtte
1312 2179 1377 2203 iiber
1396 2179 1442 2203 das
1462 2177 1613 2209 delphis-che
1633 2175 1730 2200 Orakel
1748 2184 1808 2208 pag.
1826 2179 1902 2205 5044

341 2236 391 2259 quo
411 2229 437 2252 in
458 2229 524 2253 libro
544 2237 633 2261 parum
653 2228 755 2252 videtur
774 2228 801 2251 in
821 2236 878 2252 eam
897 2236 950 2251 rem
970 2228 1137 2259 inquisivisse
1157 2232 1262 2258 auctor,
1283 2227 1384 2259 quando
1404 2226 1549 2250 interierint
1567 2226 1654 2257 prisca
1672 2225 1719 2249 illa
1737 2225 1857 2248 instituta
1876 2227 1902 2248 et

343 2284 392 2307 qno
413 2285 471 2301 cum
491 2285 614 2301 successu
635 2277 682 2301 sub
702 2277 841 2300 Antoninis
861 2284 929 2300 nova
946 2276 1105 2301 incrementa
1124 2277 1247 2309 ceperint.
1284 2276 1422 2300 Praeterea
1441 2275 1545 2299 Gottius
1571 2282 1661 2306 parum
1689 2276 1763 2297 caute
1782 2272 1902 2297 sabulosa

341 2326 467 2349 nonnulla
487 2334 519 2349 ex
539 2326 654 2350 Luciano
675 2325 711 2357 (S.
722 2328 765 2353 82.
777 2326 901 2356 95.108.)
922 2325 954 2348 ad
974 2326 1073 2357 antiqui
1092 2325 1167 2349 istius
1187 2324 1285 2349 oraculi
1306 2323 1502 2348 describendam
1522 2322 1718 2355 amplitudinem
1738 2321 1864 2345 adhibuit.

271 2372 322 2404 61)
341 2372 512 2398 Nominantur
530 2371 706 2408 προρῥῆσεισ,
731 2373 848 2403 τελεταὶ,
877 2371 1028 2406 Eadm-lim,
1061 2372 1243 2406 lepozparulac
1271 2377 1296 2397 et
1314 2373 1445 2405 Apollinis
1472 2376 1560 2405 partus
1580 2371 1767 2402 Coronidisque
1785 2370 1899 2401 nuptiae.

340 2421 391 2445 Cfr.
411 2422 540 2447 ,Jacobum
559 2423 586 2446 in
606 2423 667 2447 edit.
686 2422 828 2447 Alexandr.
848 2431 874 2454 p.
895 2426 937 2453 73,
956 2422 1001 2446 ubi
1021 2422 1163 2447 Clementis
1182 2422 1353 2446 Alexandrini
1373 2422 1472 2446 similes
1499 2423 1673 2445 memorantur
1699 2418 1900 2450 descriptionem

342 2474 366 2493 et
386 2470 492 2494 Lobeck
511 2471 641 2503 Aglaoph.
661 2474 721 2499 587.
742 2474 803 2499 608.
842 2471 977 2496 Hermann
997 2471 1297 2503 g1·iech.Staatsalterth.
1318 2475 1341 2501 2,
1363 2474 1413 2498 150
1433 2473 1458 2495 et
1477 2469 1632 2495 Salmasium
1652 2468 1679 2492 in
1700 2468 1755 2491 vita
1772 2465 1899 2490 Hadriani

343 2519 491 2551 (scriptores
511 2519 571 2543 hist.
592 2528 651 2551 aug.
673 2523 749 2548 1671.
770 2528 794 2552 p.
816 2520 886 2551 117).
