2280 2777
928 126 1181 160 „mm

219 237 288 263 rus,
315 227 380 263 alii3
404 227 526 256 Solanus
543 225 672 263 juvenile
693 225 812 254 Luciani
833 236 905 264 opus
927 236 989 254 esse
1011 227 1140 256 concedit
1161 231 1190 255 et
1210 227 1346 266 seriptum
1366 232 1449 266 putat
1469 234 1638 269 anteaquam
1658 232 1734 260 sacili
1755 236 1783 261 et
1803 236 1893 262 terete

220 283 356 312 orationis
377 293 482 321 genere
511 281 683 310 exercitatus
711 282 798 310 fuerit
824 282 981 318 Lueianus3
1014 283 1133 312 Belinus
1160 284 1353 321 turpissimum
1379 284 1463 314 istum
1491 285 1665 316 Graecorum
1694 298 1818 317 amorem
1844 289 1892 318 im-

220 340 344 378 pugnari
365 350 382 368 a
402 339 528 367 Luciano
551 337 725 366 existimavit
746 338 806 366 sive
828 339 986 368 alucinatus
1008 345 1058 368 est.
1100 340 1293 369 Lehmannius
1319 341 1447 379 spurium
1468 348 1564 372 censet
1590 344 1735 381 libellum,
1766 347 1843 385 quod
1864 347 1892 376 in

219 396 284 425 aliis
305 396 384 424 libris
406 395 585 433 turpissimae
606 394 687 422 istius
708 395 767 429 rei,
797 395 825 424 in
846 396 994 425 Amoribus
1015 396 1225 434 quodammodo
1246 397 1379 426 defensae
1401 398 1541 428 exstiterit
1562 401 1759 439 adversarius3
1788 404 1817 432 in
1838 404 1892 433 hoc

219 452 295 481 enim
322 451 419 480 libello
447 451 647 489 „sophisticam
673 450 767 480 inesse
794 462 863 481 vere
895 452 1080 488 diabolicam,
1109 463 1162 482 nee
1190 463 1273 491 posse
1304 454 1419 483 aliunde
1439 455 1646 493 perditissimae
1667 459 1768 488 aetatis
1789 461 1891 490 melius

221 508 353 546 cognosci
373 510 491 535 mores.“
536 506 616 543 Quae
637 508 744 543 omnia,
775 509 853 546 quod
875 509 912 538 ad
932 519 991 538 rem
1012 510 1102 548 ipsam
1123 510 1238 544 attinet,
1270 514 1302 538 ut
1323 515 1388 539 sunt
1409 521 1492 546 vera,
1527 513 1567 541 ita
1593 514 1629 542 ad
1649 515 1806 545 Lucianum
1826 517 1892 546 talis

218 564 308 593 libelli
329 563 506 601 turpitudine
528 567 556 591 et
576 564 688 593 macula
708 565 902 601 liberandum,
923 566 963 594 nil
983 567 1089 594 valent.
1124 567 1211 595 Adde
1233 566 1309 605 quod
1331 567 1448 596 historia
1468 568 1504 597 de
1526 569 1748 609 adolescentulo,
1768 573 1892 603 Veneris

219 620 337 648 Gnidiae
359 623 496 654 amatore,
518 630 603 658 quam
624 625 803 650 narraturum
822 632 853 651 se
874 622 1042 660 promiserat
1064 623 1207 651 Lucianus
1236 623 1263 651 in
1291 623 1468 661 Imaginibus
1491 626 1550 664 (4),
1583 637 1684 657 revera
1710 635 1842 658 narratur
1863 630 1892 658 in

214 677 368 704 Amoribus
391 686 451 714 cap.
469 679 522 712 153
554 677 630 705 unde
652 678 689 706 ad
711 679 838 707 ordinem
860 679 960 708 horum
982 679 1143 708 libellorum
1165 684 1192 708 et
1214 680 1250 708 ad
1273 680 1412 718 originem
1433 681 1606 712 Lucianeam
1627 684 1804 722 probandam
1824 693 1892 712 non-

218 733 289 761 nihil
310 732 423 761 videtur
444 732 524 761 effici.
568 732 732 763 Orationem
755 736 946 773 praefractam
969 735 1180 773 quodammodo
1206 747 1258 765 nee
1286 738 1355 766 satis
1382 739 1532 768 rotundam
1559 750 1592 768 ae
1619 745 1724 769 tei-sam
1745 750 1808 769 esse
1830 750 1893 769 con-

215 789 360 824 cedimus3
383 793 411 817 at
434 789 496 817 aliis
519 799 632 828 quoque
654 791 683 819 in
705 792 786 820 libris
808 792 951 820 obscoena
968 793 1109 821 obscoene
1133 793 1206 822 dixit
1228 793 1387 829 Lucianus,
1408 796 1483 824 utin
1500 796 1621 834 dialogis
1644 798 1817 832 meretriciis,
1839 797 1895 826 dea

215 845 315 884 Syria,
339 845 477 874 Eunucho
499 850 551 875 etc.
586 847 761 877 VVetzlarius
783 849 891 877 Romae
914 849 1051 887 scriptum
1073 849 1109 877 ab
1132 850 1345 880 adolescentulo
1365 854 1415 891 (25
1430 863 1566 882 annorum
1586 853 1711 892 homine)
1734 854 1894 892 suspicatur

219 902 346 931 libellum
375 906 403 930 et
425 902 455 931 C.
478 903 510 931 F.
534 903 767 943 Hermann11s³⁴)
802 906 920 934 Luciani
950 915 1011 934 esse
1037 906 1112 935 hune
1141 906 1247 935 foetum
1270 908 1420 946 judicavit.
1462 910 1537 938 Mihi
1558 910 1673 948 quidem
1705 920 1739 939 eo
1767 915 1894 949 tempore

213 960 337 997 scriptus
359 959 473 988 videtur
494 960 540 989 hie
560 960 653 996 liber,
688 971 774 1000 quum
796 962 913 991 Luciani
935 962 1081 1000 ingenium
1103 963 1277 992 adolevisset
1294 965 1354 1003 jam
1383 966 1466 1001 satis,
1500 970 1532 995 ut
1560 976 1605 995 res
1630 967 1719 995 serias
1749 966 1892 995 tractandi

210 1016 356 1044 meliorem
380 1026 454 1054 quae
476 1017 504 1045 in
528 1027 561 1045 co
582 1017 673 1046 inerat
695 1023 811 1047 naturae
834 1023 945 1057 partem
965 1030 1051 1058 saepe
1074 1020 1218 1049 incederet
1237 1021 1393 1059 cupiditas3
1416 1027 1445 1051 at
1466 1023 1642 1052 relabentem
1656 1023 1789 1052 videmus
1803 1023 1890 1052 homi-

210 1082 275 1100 nem
296 1073 332 1100 ob
352 1073 522 1101 vanissimae
544 1074 652 1111 gloriae
674 1075 823 1103 libidinem
847 1076 884 1104 ad
906 1077 1134 1114 corruptissimos
1155 1077 1244 1105 seculi
1265 1088 1357 1106 mores
1385 1083 1412 1107 et
1433 1090 1546 1114 sensus,
1577 1080 1617 1108 ita
1638 1084 1668 1109 ut
1690 1081 1738 1118 qui
1760 1081 1889 1109 aemulus

210 1129 294 1157 modo
319 1129 378 1157 fieri
400 1130 490 1158 voluit
515 1141 567 1169 per
588 1131 740 1169 Nigrinum
760 1132 836 1160 vitae
864 1133 1008 1171 perfectae
1031 1144 1047 1161 a
1070 1133 1190 1162 Platone
1219 1134 1379 1169 institutae,
1408 1136 1453 1163 vel
1476 1136 1646 1174 Triptolemi
1676 1141 1832 1165 assectator
1859 1137 1886 1164 in

213 1186 368 1215 seminibus
388 1187 545 1225 sapientiae
567 1192 595 1217 et
616 1189 773 1218 honestatis
794 1191 822 1218 in
844 1190 955 1218 animos
978 1190 1121 1219 hominum
1142 1192 1327 1229 spargendis,
1361 1192 1436 1220 idem
1463 1193 1648 1221 libentissime
1670 1194 1750 1221 fieret
1771 1193 1888 1231 Epicuri

209 1243 247 1271 de
267 1253 357 1281 grege
379 1253 490 1282 porcus.
533 1245 613 1282 Quae
634 1250 665 1274 ut
686 1247 713 1274 in
736 1247 799 1275 aliis
821 1247 943 1285 ingeniis
965 1247 1143 1286 diversisque
1164 1249 1341 1286 temporibus
1355 1249 1534 1278 incredibilia
1548 1254 1576 1278 et
1589 1250 1625 1278 ab
1639 1250 1714 1278 omni
1732 1250 1887 1278 animorum

209 1299 433 1329 excolendorum
463 1301 572 1330 ratione
601 1303 707 1338 aliena,
738 1304 778 1332 ita
804 1304 859 1332 ista
880 1308 988 1338 aetate,
1020 1321 1059 1324 ——
1087 1305 1136 1333 ubi
1157 1305 1196 1332 nil
1223 1309 1351 1334 sanctum
1367 1306 1429 1344 jam
1452 1306 1615 1341 Graeculis,
1651 1306 1777 1335 Deorum
1801 1316 1887 1335 verus

212 1357 308 1386 cultus
329 1357 478 1395 neglectus
500 1363 616 1397 propter
634 1361 862 1398 superstitionem
884 1371 988 1390 novam
1010 1366 1038 1390 et
1059 1362 1250 1397 immodicam,
1273 1362 1480 1392 Antoninorum
1499 1363 1572 1392 curis
1594 1363 1641 1392 vel
1664 1363 1740 1392 vitiis
1763 1367 1885 1398 auctam,

211 1423 259 1442 res
279 1418 307 1442 et
328 1413 456 1443 doctriua
478 1414 699 1445 Christianorum
727 1418 874 1455 incognita
901 1418 948 1446 vel
977 1419 1059 1447 nimis
1089 1419 1204 1448 excelsa
1234 1429 1319 1457 quam
1340 1430 1414 1457 quac
1443 1420 1597 1448 salutarem
1625 1429 1760 1448 exercere
1786 1424 1885 1457 posset

205 1471 266 1499 vim
288 1471 316 1498 in
338 1471 574 1510 depravatissimo
595 1474 690 1502 seculo
712 1492 748 1497 --
777 1475 860 1504 facile
881 1479 1012 1513 poterant
1034 1476 1149 1504 evenire
1176 1477 1203 1504 in
1225 1477 1258 1504 iis
1281 1477 1455 1512 hominibus,
1488 1477 1536 1514 qui
1558 1477 1688 1514 quamvis
1720 1476 1757 1504 ad
1778 1477 1886 1514 majora

204 1528 266 1556 nati
286 1528 364 1556 vitae
384 1528 517 1566 publicae
538 1529 717 1568 labentisque
739 1531 849 1570 imperii
871 1532 993 1560 Romani
1014 1533 1192 1571 turpitudine
1215 1543 1355 1571 praec-eps
1383 1534 1411 1561 in
1438 1534 1509 1562 vitia
1530 1533 1701 1562 ferebantur.
1745 1533 1885 1561 Similium

205 1584 397 1622 ingeniorum,
419 1585 492 1614 inter
513 1585 655 1622 Graecos,
678 1588 834 1624 Romanos,
858 1588 957 1618 Gallos
979 1594 1007 1618 et
1029 1589 1186 1618 Germanos
1207 1591 1334 1628 reperias
1351 1590 1432 1619 nimis
1453 1591 1543 1619 multa
1563 1600 1631 1618 sane
1653 1590 1794 1628 exempla.
1827 1590 1883 1619 Vel

206 1641 231 1669 si
253 1641 354 1670 odiosa
375 1642 546 1680 quibusdam
568 1644 718 1673 videantur
739 1646 885 1684 exempla,
908 1646 1132 1684 Aristophanem
1153 1647 1226 1675 inter
1248 1648 1314 1676 illos
1337 1648 1448 1676 nomino
1471 1651 1500 1676 et
1520 1647 1686 1681 Horatium,
1711 1647 1883 1676 Voltairium

205 1702 236 1726 et
255 1698 464 1734 WViehmdium,
494 1700 542 1737 qui
567 1700 595 1728 in
617 1701 700 1729 simili
723 1712 831 1731 morum
860 1703 994 1742 vitaeque
1023 1703 1155 1741 publicae
1182 1704 1248 1732 tabe
1271 1709 1437 1742 argumento
1466 1709 1546 1739 sunt,
1577 1704 1738 1732 mortalium
1765 1704 1881 1739 animos,

204 1755 255 1784 ubi
278 1756 314 1784 ad
335 1766 433 1784 sensus
454 1757 516 1795 pios
538 1757 728 1796 virtutemque
750 1764 815 1787 ante
837 1761 930 1788 omnia
951 1760 1099 1788 colendam
1120 1764 1233 1798 torpere
1255 1766 1303 1789 aut
1325 1761 1453 1789 veritatis
1475 1761 1689 1798 cognoscendae
1711 1770 1790 1798 spem
1813 1761 1882 1798 abji-

205 1821 271 1840 cere
293 1813 451 1851 coeperint,
473 1814 635 1843 mollissime
658 1816 773 1853 quidcm
795 1822 880 1855 atque
903 1817 1113 1855 elegantissime
1134 1827 1180 1845 res
1201 1828 1266 1846 suas
1287 1828 1371 1856 posse
1393 1818 1534 1853 scribere,
1565 1817 1616 1846 sed
1638 1817 1696 1846 vim
1717 1827 1786 1846 vere
1808 1818 1883 1846 salu-

205 1872 296 1897 tarem
317 1869 503 1908 vigoremque
523 1871 639 1909 spiritus
664 1872 790 1901 divinum
811 1874 866 1902 ista
887 1884 995 1902 morum
1018 1874 1208 1903 inconstantia
1231 1874 1328 1903 deleri.
1363 1875 1450 1904 Nulla
1465 1875 1537 1903 enim
1553 1874 1684 1903 dictionis
1700 1874 1882 1903 inventionis-

206 1935 263 1963 que
285 1930 344 1954 artc
367 1927 472 1964 tegitur
493 1928 539 1955 vel
562 1928 724 1957 defenditur
744 1930 799 1958 ista
825 1940 933 1959 morum
955 1931 1097 1969 animique
1126 1931 1241 1964 levitas,
1276 1942 1349 1970 quae
1379 1932 1475 1960 fovere
1504 1931 1620 1969 quidem
1647 1935 1743 1969 potest
1767 1932 1832 1970 joco
1855 1935 1882 1960 et

237 2107 288 2139 54)
308 2108 391 2131 Multa
409 2108 435 2131 in
454 2112 586 2140 utramque
604 2113 701 2141 partem
721 2110 849 2142 disputata
868 2112 984 2136 invenias
1002 2113 1069 2145 apud
1088 2114 1228 2138 Lehmann.
1242 2114 1272 2144 V,
1286 2117 1346 2141 566.
1374 2114 1488 2138 Wetzlar
1506 2116 1582 2146 p-18.
1614 2113 1695 2137 Juvat
1713 2116 1798 2136 tamen
1816 2112 1880 2136 Her·

309 2157 394 2180 manni
414 2157 491 2181 verba
510 2158 571 2190 allg,
590 2158 773 2191 Sehulzcitung
795 2163 861 2187 1852
882 2161 940 2185 Nro.
962 2166 1013 2188 100
1032 2170 1170 2194 apponere:
1206 2163 1262 2187 Wir
1282 2166 1368 2187 setzen
1392 2162 1435 2186 dic
1454 2163 1561 2186 Amores
1580 2163 1607 2185 in
1627 2161 1667 2186 die
1688 2165 1754 2185 crste
1772 2161 1880 2185 Periode

309 2206 393 2229 seinos
407 2206 591 2237 jugendlichen
610 2207 897 2239 Schriftstellcrlebens‚
924 2218 963 2234 wo
991 2219 1018 2235 er
1037 2212 1076 2235 als
1097 2212 1209 2243 Ziigling·
1229 2212 1273 2236 der
1292 2212 1448 2236 asiatischcn
1467 2211 1656 2235 Rcdnerschule
1675 2211 1741 2234 noch
1760 2210 1832 2235 nicht
1849 2218 1880 2234 zu

309 2253 366 2277 dem
385 2254 550 2279 silberreincn
569 2256 644 2281 Fluss
666 2257 710 2280 der
729 2258 857 2282 attisehen
876 2259 987 2291 Sprache
1007 2260 1114 2292 gclangt
1139 2261 1191 2284 und
1218 2261 1314 2285 ebcnso
1342 2261 1428 2292 wenig
1455 2259 1534 2284 durch
1553 2259 1658 2291 Nigrins
1676 2259 1880 2283 Bekaimtschast

307 2310 338 2325 zu
359 2302 421 2327 Rom
442 2305 487 2328 auf
503 2308 614 2329 ernstcrc
633 2305 836 2331 chenszweckc
850 2308 1020 2332 ausmerksam
1040 2309 1177 2340 geworden
1199 2318 1259 2334 war,
1293 2310 1328 2333 Es
1340 2309 1424 2333 finden
1443 2309 1499 2333 sich
1515 2308 1587 2332 mehr
1602 2308 1729 2332 romische
1753 2308 1793 2332 als
1812 2308 1878 2339 grie-

307 2350 411 2375 chischc
431 2352 511 2377 Sitten
532 2353 604 2377 darin
623 2355 780 2386 geschildcrt
805 2356 857 2380 und
884 2356 982 2380 Lucian
1012 2358 1100 2382 wollte
1125 2358 1179 2382 sich
1207 2358 1275 2383 wohl
1303 2358 1347 2382 der
1374 2357 1491 2390 dortigen
1519 2358 1603 2382 feinen
1629 2357 1699 2381 Welt
1725 2356 1877 2388 empsehlen.

308 2399 402 2424 Contra
420 2409 483 2431 quae
502 2401 529 2425 id
548 2406 645 2427 tantum
664 2404 742 2428 liceat
760 2413 876 2435 monere,
895 2406 1036 2430 Lucianum
1058 2407 1149 2438 (confr.
1168 2407 1343 2431 Hermotimus
1364 2407 1416 2439 24.)
1432 2407 1485 2438 jam
1506 2411 1538 2434 25
1559 2413 1681 2430 annorum
1700 2405 1877 2429 adolescentu-

308 2448 361 2472 lum
381 2457 396 2472 a
414 2449 467 2473 viro
486 2451 558 2481 gravi
578 2451 610 2475 ad
628 2452 708 2476 vitam
728 2453 862 2478 honestam
881 2454 1026 2479 institutum
1047 2456 1134 2480 fuisse.
1173 2456 1236 2480 Post
1263 2456 1364 2488 Nigrini
1391 2457 1467 2480 etiam
1492 2455 1701 2480 consuetudinem
1720 2454 1828 2478 eundem
1847 2453 1880 2477 ad

307 2496 376 2520 levia
396 2500 420 2521 et
438 2506 515 2530 prava
534 2500 660 2532 relapsum
680 2509 752 2533 esse,
772 2511 836 2534 quae
854 2506 944 2535 postca
962 2504 1066 2537 scripsit
1084 2513 1177 2537 opera,
1204 2506 1266 2529 satis
1286 2505 1424 2529 declarant.
