2280 2777
902 151 1159 186 -30--

186 266 298 285 omnem
320 255 437 294 pietatis
460 259 487 282 et
508 253 693 281 humanitatis
715 262 829 281 sensum
852 251 963 280 exuerit
985 251 1033 289 (de
1055 251 1134 278 luctu
1154 252 1231 287 ¹13!).
1258 251 1384 279 Videtur
1405 252 1520 289 quidem
1542 252 1602 290 ipse
1624 262 1677 290 pro
1698 252 1762 279 Diis
1783 251 1880 289 dispu-

188 317 249 341 tarc
272 312 321 351 (de
342 312 435 340 sacrif.
458 309 514 347 1.);
538 314 567 337 at
589 308 694 337 fabulis
717 308 836 336 Graecis
859 308 980 346 abjectis
999 317 1110 336 omnem
1132 307 1244 335 omnino
1265 307 1402 344 pictatem
1425 307 1551 336 Deorum
1572 308 1679 336 numini
1699 308 1881 336 tribuendam

189 369 310 406 abjecit,
332 372 360 396 et
381 376 455 404 quae
478 365 585 402 optimo
609 365 711 402 cuique
725 364 902 392 Graecorum
917 364 1170 401 Romanorumque
1192 363 1387 391 excelsissima
1407 364 1589 398 viderentur,
1610 364 1793 402 providentia
1805 364 1880 392 Deo-

186 435 248 453 rum
271 422 460 452 administrari
482 420 618 449 mundum
641 430 694 449 nec
715 421 878 449 interituros
899 431 957 449 una
979 431 1042 449 cum
1064 429 1183 458 corpore
1204 419 1348 448 hominum
1371 419 1494 455 animos,
1521 430 1556 448 ea
1576 421 1670 449 omnia
1693 425 1725 449 ut
1745 431 1792 449 res
1812 420 1879 449 ridi-

187 481 266 509 culas
287 479 411 508 ludibrio
434 477 521 505 habet
543 477 624 515 (Jup.
647 477 718 505 conf.
743 481 871 509 16—18.
892 477 962 515 Jup.
978 482 1051 515 trag.
1068 481 1116 509 58.
1132 479 1262 508 ίι7-49.
1285 476 1352 504 dial.
1370 480 1453 504 mort.
1475 480 1521 511 10,
1544 481 1589 507 11.
1612 477 1662 505 vit.
1686 481 1760 505 auct.
1783 482 1810 508 2.
1833 477 1878 505 bis

188 546 281 564 accus.
304 540 351 566 52.
374 543 480 563 ennom.
503 543 626 561 muscae.
643 537 669 564 7.
694 533 844 562 Demonax
867 538 895 565 8.
919 534 982 568 coll„
996 538 1044 564 52.
1068 533 1103 561 de
1124 533 1204 561 luctu
1227 531 1376 569 15—17.).
1413 531 1524 569 Quibus
1547 533 1678 561 omnibus
1700 533 1879 571 intelligitur,

186 592 359 625 Lucianum,
380 590 430 619 ubi
452 590 675 618 Demosthenem
696 590 785 618 vitam
808 591 972 618 habiturum
991 590 1063 618 dixit
1084 590 1113 618 in
1135 589 1285 617 beatorum
1302 589 1416 623 insulis,
1437 589 1558 626 viasque
1572 589 1781 627 ingressurum,
1804 599 1878 626 quae

185 652 320 686 putentur
342 646 497 675 animorum
520 647 686 675 coelestium
709 656 786 680 esse,
829 644 899 685 (τοίς
920 648 964 680 εἰς
986 642 1120 686 ούρανόν
1143 645 1260 684 ψυχαῖς
1285 645 1484 682 νομιζομένας
1505 642 1594 678 ὁδοιῖς
1616 655 1677 683 cap.
1701 648 1751 684 50)
1784 646 1878 674 rheto-

187 704 245 732 rico
267 712 351 731 more¹
367 712 401 731 ea
423 703 531 731 dixisse
559 713 615 731 non
635 703 834 741 philosophico
864 707 892 731 et
919 712 955 730 ne
979 712 1013 730 ea
1041 702 1172 740 quidem,
1202 711 1277 739 quae
1304 701 1422 729 Tacitus
1443 692 1599 740 Agricolae
1627 707 1784 740 auguratus
1817 705 1879 730 erat

185 760 270 799 (Agr.
285 760 346 797 46.)
369 759 501 788 coneedit
522 759 682 794 Lucianus,
716 760 768 788 sed
789 764 820 788 ut
844 759 985 797 Spinozae
1008 763 1036 787 et
1060 758 1185 796 Hegelio
1213 758 1304 786 omnis
1325 759 1544 787 immortalitatis
1575 769 1642 797 spes
1669 759 1706 787 ad
1734 759 1878 786 hominum

183 816 385 854 sempiternam
413 816 578 844 memoriam
600 816 768 854 gloriaeque
791 816 989 844 aeternitatem
1020 815 1172 843 referenda
1197 814 1320 843 videtur.
1363 815 1508 843 Immerito
1539 815 1624 844 etiam
1646 815 1828 843 wielandius
1850 818 1878 843 et

183 873 312 901 Jacobus
334 872 478 900 Atheismi
502 873 617 901 crimine
645 873 769 901 liberare
792 872 884 901 eonati
913 876 978 900 sunt
1006 872 1180 907 Lucianum,
1211 871 1420 909 Epicureorum
1448 872 1521 900 enim
1551 872 1630 910 ajunt
1658 871 1828 900 sententiam
1848 870 1877 898 in

183 929 258 957 Jove
279 929 421 966 tragoedo
443 928 649 964 demonstrari,
677 939 733 957 non
754 929 946 963 Lucianeam,
978 938 1031 957 nec
1052 928 1145 966 ipsum
1168 928 1295 956 divinum
1317 937 1421 956 numen
1443 929 1565 966 piosque
1587 938 1657 966 erga
1677 928 1771 956 Deum
1794 927 1879 955 animi

183 990 276 1013 motus
298 985 465 1020 sustulisse,
498 986 547 1023 qui
568 985 681 1014 fabulas
702 985 805 1014 riserit.
849 985 889 1013 At
910 995 998 1013 unum
1019 989 1129 1013 tantum
1146 984 1338 1013 indicaverint
1360 985 1446 1013 velim
1468 985 1514 1013 isti
1535 985 1588 1013 viri
1610 985 1720 1019 locum,
1743 993 1800 1022 quo
1822 983 1878 1012 Lu-

183 1043 281 1071 cianus
303 1043 343 1080 pii
366 1043 393 1070 in
415 1042 494 1070 Deos
515 1042 601 1070 animi
632 1052 701 1080 prae
733 1052 762 1070 se
784 1041 882 1070 tulerit
909 1042 1038 1079 signum!
1081 1041 1182 1069 Darnis
1212 1041 1285 1069 enim
1319 1041 1348 1069 in
1374 1041 1450 1070 Jove
1477 1046 1551 1080 trag.
1575 1043 1622 1073 [14-
1654 1041 1678 1069 si
1702 1050 1758 1068 non
1781 1049 1879 1068 omnes

182 1109 247 1128 aras
269 1109 287 1127 a
307 1109 338 1127 se
361 1098 471 1127 destrui
492 1098 579 1133 dixit,
608 1108 746 1136 quasnam
769 1108 877 1136 quaeso
895 1098 942 1126 vel
965 1098 1034 1136 quid
1056 1107 1150 1126 rerum
1181 1102 1343 1126 sanctarum
1364 1097 1504 1136 reliquit?
1539 1098 1660 1126 virtutes
1683 1097 1792 1134 aliquot
1814 1106 1878 1124 con-

183 1156 271 1190 cedo,
293 1155 472 1184 divinitatem
493 1165 578 1192 nego.
621 1154 679 1184 Ubi
700 1165 769 1183 vero
792 1156 835 1193 (ut
857 1155 987 1183 Calumn.
1008 1165 1064 1183 non
1086 1158 1153 1182 tem.
1168 1158 1257 1186 8.17.
1279 1155 1357 1182 Alex
1379 1155 1440 1193 60.)
1462 1155 1590 1182 Deorum
1606 1153 1747 1182 voluntati
1769 1151 1878 1190 aliquid

181 1212 315 1241 tribuisse
338 1212 468 1246 videtur,
492 1212 582 1240 verba
604 1212 735 1240 adhibuit
752 1222 788 1240 ex
811 1211 971 1250 quotidiani
993 1211 1131 1239 sermonis
1144 1221 1198 1239 usu
1219 1216 1313 1239 sumta
1335 1215 1363 1239 et
1384 1211 1412 1239 in
1425 1211 1540 1249 pietatis
1562 1220 1630 1239 suae
1653 1210 1735 1248 quasi
1760 1218 1878 1237 excusa-

180 1270 286 1298 tionem
309 1268 421 1297 addidit
443 1278 648 1306 nonuunquam
671 1270 806 1305 εἴποιμεν
828 1268 878 1304 (ἲν,
901 1268 961 1296 sive
984 1268 1054 1309 θείῃ
1077 1269 1157 1297 tavi
1177 1267 1279 1307 μοίρᾳ.
1326 1267 1361 1295 In
1382 1267 1578 1306 Philopseude
1600 1267 1649 1305 qui
1670 1265 1791 1294 Luciani
1816 1269 1879 1293 tue-

181 1330 228 1354 tur
250 1329 364 1364 partes,
400 1335 463 1353 cum
485 1325 579 1353 colere
601 1335 632 1353 se
654 1325 723 1353 dicit
744 1325 823 1353 Deos
853 1325 912 1364 (10.
936 1324 1015 1363 σέβω
1036 1321 1110 1358 τοιῗς
1130 1320 1254 1362 θεούς),
1289 1324 1326 1352 ad
1347 1324 1424 1353 vires
1445 1324 1475 1353 in
1498 1328 1601 1353 natura
1621 1333 1716 1352 rerum
1737 1323 1879 1351 salutares

182 1386 304 1421 spectat.
348 1381 445 1418 Quare
467 1381 498 1410 id
519 1385 629 1410 tantum
652 1381 843 1409 demonstrari
864 1384 974 1419 potest,
1005 1381 1164 1409 Lucianum
1186 1381 1329 1409 Atheismi
1351 1381 1456 1409 crimen
1479 1391 1566 1419 quum
1588 1381 1616 1408 in
1637 1379 1776 1418 Aegypto
1797 1388 1880 1417 prae-

181 1442 258 1467 esset
284 1438 482 1476 magistratui,
515 1437 611 1467 subire
633 1437 774 1472 noluisse,
810 1438 945 1477 (calumn.
967 1447 1023 1466 non
1044 1441 1110 1466 tem.
1134 1437 1195 1475 14.)
1218 1438 1352 1475 quoniam
1378 1437 1571 1475 Imperatores
1592 1437 1701 1465 romani
1722 1436 1878 1474 religiones

182 1494 311 1524 Graecas
333 1505 350 1523 a
369 1494 589 1532 magistratibus
612 1495 665 1522 coli
687 1495 850 1523 voluerunt.
893 1495 934 1523 At
961 1494 1121 1523 Pautheam
1141 1499 1299 1523 matronam
1322 1495 1466 1522 Lucianus
1487 1498 1606 1531 propter
1627 1493 1767 1531 insignem
1788 1492 1879 1530 pieta-

181 1556 239 1580 tem
255 1551 392 1580 laudibus
414 1551 544 1579 extulit‘?
586 1551 679 1585 Vide,
701 1561 736 1579 ne
759 1551 836 1579 idem
858 1551 972 1585 fecerit,
996 1551 1075 1588 quod
1098 1551 1184 1579 hodie
1205 1551 1336 1589 plurimi,
1362 1551 1410 1589 qui
1433 1550 1590 1579 doctrinam
1613 1549 1804 1578 Christianam
1826 1557 1880 1586 pro

182 1618 234 1636 sua
253 1608 370 1646 quidem
391 1612 474 1646 parte
497 1607 571 1636 infra
592 1617 622 1636 se
643 1608 764 1646 positam
782 1608 928 1646 judicant,
955 1607 1124 1636 mulieribus
1145 1612 1241 1636 autem
1270 1614 1357 1645 atque
1378 1607 1527 1646 imperitae
1558 1606 1733 1635 multitudini
1753 1605 1793 1633 nil
1816 1615 1878 1633 san-

182 1665 270 1700 etius,
301 1665 342 1693 nil
361 1665 506 1702 antiquius
529 1673 593 1692 esse
615 1664 722 1692 debere
745 1665 925 1693 conclamant
940 1663 987 1702 56).
1006 1681 1060 1708 ¹—-
1101 1664 1262 1693 Stoicorum
1292 1668 1444 1702 praeterea
1472 1663 1746 1700 Platonicorumque
1767 1666 1878 1690 senten<

182 1722 252 1756 tias,
275 1721 325 1759 qui
347 1721 462 1749 altiores
485 1720 625 1759 quasdam
646 1721 726 1749 ideas
743 1721 904 1749 fabularum
924 1720 1100 1749 Graecarum
1114 1721 1270 1749 involueris
1294 1721 1431 1749 contineri
1452 1724 1620 1754 statuerant,
1641 1718 1801 1747 Lucianum
1821 1727 1878 1746 non

188 1778 381 1816 approbasse,
415 1787 451 1806 ex
473 1777 602 1806 Deorum
626 1778 744 1806 coneilio
773 1787 836 1815 cap.
858 1782 902 1809 11.
932 1778 1118 1813 concluseris;
1153 1777 1231 1815 quod
1252 1777 1320 1806 lieet
1342 1777 1522 1811 laudaveris,
1555 1777 1583 1804 in
1606 1785 1638 1804 eo
1658 1779 1755 1804 tamen
1775 1784 1878 1813 parum

254 1932 303 1963 56)
323 1932 369 1956 cfr.
393 1932 441 1955 hac
462 1931 493 1955 ‹le
513 1940 540 1955 re
557 1931 679 1955 VVielaud
704 1935 728 1960 5,
749 1935 810 1960 322,
843 1931 927 1955 Jacob
948 1931 1070 1955 Charakt.
1099 1931 1124 1955 S.
1145 1934 1205 1958 148.
1242 1931 1309 1955 Mihi
1336 1931 1439 1963 quidem
1458 1939 1507 1955 nec
1527 1930 1623 1955 Gallici
1642 1928 1805 1962 philosophi,
1834 1928 1878 1959 qui

322 1979 572 2012 Eneyclopaedistae
589 1983 727 2009 vocantur,
753 1987 801 2003 nec
821 1983 951 2003 senatores
972 1981 1032 2009 isti,
1061 1980 1104 2011 qui
1123 1987 1177 2004 rem
1199 1980 1367 2004 christianam
1388 1983 1456 2008 1794
1476 1979 1630 2004 abolendam
1649 1986 1706 2002 esse
1725 1980 1878 2006 statuerunt,

322 2029 412 2059 majori
431 2029 591 2060 procacitate
617 2036 648 2052 ac
666 2028 826 2060 impudentia
846 2032 935 2052 contra
953 2036 994 2052 res
1015 2029 1116 2052 divinas
1136 2029 1260 2052 saeviisse
1279 2028 1411 2059 videntur,
1441 2036 1517 2060 quam
1535 2028 1666 2051 Luciauus
1684 2027 1712 2050 in
1731 2026 1798 2050 Jove
1817 2033 1877 2049 eon-

322 2078 403 2101 futat«)
426 2081 467 2104 15.
488 2080 545 2107 1ss.‚
564 2077 609 2101 ubi
629 2076 726 2108 gallico
745 2077 788 2100 isti
807 2080 938 2106 monstro,
968 2077 1151 2109 (Chaumettio)
1171 2077 1256 2101 Deum
1284 2078 1357 2109 quasi
1381 2078 1509 2107 hortanti,
1536 2079 1564 2100 ut
1582 2084 1628 2108 per
1653 2075 1769 2099 fulminis
1796 2075 1877 2098 ictum

323 2134 380 2150 esse
400 2134 427 2149 se
447 2126 619 2155 demonstret,
647 2125 777 2149 Lucianus
794 2126 905 2157 praeivit
925 2126 997 2156 quasi
1018 2126 1183 2150 detestabilia
1195 2118 1281 2150 ‘verba
1305 2126 1350 2150 cfr.
1370 2125 1541 2150 Wachsmuth
1559 2124 1684 2148 Zeitalter
1703 2123 1747 2147 der
1766 2123 1877 2147 Revolu-

324 2175 378 2198 tion
396 2175 428 2204 Π,
451 2178 511 2201 122.
537 2188 568 2193 —
598 2174 637 2198 Dc
658 2174 810 2198 mulieribus
829 2177 932 2206 propter
956 2175 1079 2206 pietatem
1098 2175 1235 2199 laudandis
1255 2182 1320 2206 quae
1340 2174 1405 2198 dixit
1424 2174 1571 2203 Lucianus,
1605 2171 1753 2196 Wielandio
1773 2171 1877 2203 quidem

324 2230 401 2247 sanae
420 2223 514 2247 mentis
534 2223 687 2247 documento
708 2230 765 2247 esse
783 2222 920 2252 videntur,
940 2223 1003 2246 mihi
1023 2224 1138 2247 insanae.
1174 2224 1239 2247 Nam
1252 2224 1295 2255 qui
1315 2224 1352 2247 ita
1371 2223 1397 2246 in
1416 2223 1494 2247 rebus
1514 2222 1609 2246 divinis
1629 2221 1793 2253 distinguunt
1811 2220 1879 2244 inter

322 2271 441 2295 homines
461 2271 551 2296 doctos
571 2274 597 2295 et
616 2272 764 2303 imperitos,
784 2279 912 2295 summam
932 2272 968 2295 rei
989 2272 1151 2296 Christianae
1164 2273 1286 2296 virtutem
1299 2272 1402 2301 tollunt,
1421 2275 1447 2296 et
1462 2279 1500 2301 ea,
1520 2278 1585 2302 quae
1598 2269 1717 2294 universo
1730 2268 1877 2292 mortalium

322 2320 411 2351 generi
431 2327 531 2344 summa
550 2324 575 2344 ct
595 2327 657 2344 vere
677 2320 801 2344 salutaria
821 2320 919 2344 tributa
939 2324 1014 2349 sunt,
1045 2321 1077 2344 ad
1098 2321 1298 2345 imbecilliorum
1325 2321 1459 2345 hominum
1478 2320 1578 2344 animos
1597 2318 1701 2343 facilius
1721 2315 1877 2342 coercendos

322 2367 364 2391 vel
383 2368 511 2400 regendos
536 2367 659 2393 adhibere
678 2372 704 2392 et
723 2368 852 2393 abducere
873 2373 1006 2393 conantur.
1045 2370 1085 2393 Ita
1108 2372 1133 2393 et
1154 2369 1286 2401 Napoleo,
1315 2370 1358 2401 qui
1378 2369 1452 2393 fatali
1478 2368 1589 2400 quadam
1609 2366 1765 2391 necessitate
1791 2364 1879 2388 omnia

322 2415 378 2439 fieri
401 2416 450 2440 sibi
470 2420 646 2448 persuaserat,
665 2417 766 2449 puellas
785 2422 811 2441 et
831 2417 953 2441 mulieres
973 2425 1073 2442 summa
1094 2418 1220 2450 religione
1242 2422 1267 2441 et
1286 2418 1468 2450 superstitione
1487 2415 1640 2441 imbuendas
1659 2414 1774 2444 censuit,
1802 2420 1878 2444 quam

323 2463 355 2487 oh
374 2472 427 2488 rem
446 2464 566 2489 laudatur
586 2466 618 2489 ab
638 2466 800 2498 ineptissimo
821 2466 913 2490 talium
931 2474 1016 2490 rerum
1036 2467 1202 2491 aestimatore
1225 2466 1342 2491 Thiersio
1361 2466 1518 2491 Geschichte
1538 2466 1582 2490 des
1602 2464 1678 2488 Cous.
1701 2462 1754 2486 mid
1774 2461 1878 2485 Kaiser·

321 2512 407 2536 thums
427 2513 557 2538 ubersetzt
575 2522 627 2538 von
646 2514 730 2538 Bfflau
749 2515 805 2545 VII,
827 2518 886 2542 570.
