2280 2777
916 163 1169 197 ,20-

201 264 370 303 praescribit
384 263 537 301 interjectis
552 271 707 300 poenarum
720 261 816 297 minis,
842 263 974 299 epistolae
989 263 1024 292 de
1039 264 1145 292 mutuis
1157 274 1316 303 pauperum
1334 274 1367 293 ac
1381 264 1502 294 divitum
1522 266 1609 301 odiis,
1633 267 1669 296 de
1681 267 1831 296 insolentia
1853 272 1882 297 et

197 321 401 349 inhumanitate
422 318 609 357 locupletum,
642 317 678 345 de
699 327 858 356 pauperum
886 319 1042 348 insatiabili
1072 320 1228 356 edacitate,
1262 321 1435 359 procacitate
1464 325 1492 350 et
1518 322 1684 352 libidinibus
1713 328 1880 362 queruntur.

198 378 233 406 In
252 377 338 406 rebus
364 375 544 412 moribusque
576 374 769 403 Romanorum
797 374 988 413 depingendis
1018 381 1169 406 versantur
1196 377 1281 406 etiam
1308 378 1342 406 de
1371 379 1496 407 mercede
1525 381 1660 409 conducti.
1702 381 1884 410 Describitur

200 434 274 462 enim
294 434 468 461 literatorum
488 430 565 459 istud
585 430 734 459 hominum
754 441 864 468 genus,
887 433 936 470 qui
957 443 1126 471 graecarum
1147 433 1249 462 artium
1270 434 1399 471 magistri
1418 434 1447 462 in
1467 435 1674 472 opulentiorum
1690 437 1886 467 Romanorum

203 490 331 519 domibus
359 488 506 522 vivebant,
534 482 688 516 familiares
712 488 829 526 quidam
850 490 978 523 nomine,
1011 500 1042 518 re
1065 490 1150 518 servi.
1193 490 1293 528 Quam}
1314 490 1391 518 vitae
1413 491 1615 521 institutionem
1636 493 1748 522 homine
1770 494 1885 523 liberali

204 556 318 585 prorsus
339 545 500 582 indignam,
529 543 620 572 famae
642 554 676 572 ac
696 544 795 573 virtuti
817 546 924 583 pariter
950 546 1140 584 periculosam
1169 557 1249 582 esse,
1284 547 1495 584 elegantissime
1525 549 1686 586 exponitur.
1727 551 1833 580 Miram
1853 551 1882 579 in

203 602 287 630 rebus
308 601 387 629 novis
408 600 585 628 inveniendis
608 600 823 637 dexteritatem,
858 603 1021 641 ingeniique
1046 603 1189 641 quandam
1210 603 1351 631 luxuriem
1374 603 1545 633 luculentius
1569 606 1653 634 etiam
1676 607 1806 636 exhibuit
1827 608 1883 636 Lu-

202 659 297 687 eianus
319 658 347 685 in
369 657 442 685 veris
462 657 599 691 historiis,
629 658 679 695 qui
699 658 756 687 duo
778 658 869 687 libelli
891 659 1038 688 fabulosas
1061 664 1089 688 et
1110 660 1293 688 incredibiles
1314 669 1360 688 res
1382 661 1579 690 amoenissima
1598 662 1771 700 loquacitate
1796 668 1823 692 et
1845 664 1886 693 ita

202 714 315 752 quidem
337 718 465 747 narrant,
494 717 526 742 ut
547 714 674 752 captiosa
696 715 819 753 quadam
840 716 1043 753 probabilitate
1065 716 1203 745 fallantur
1224 716 1324 751 animi,
1354 717 1402 754 qui
1424 717 1452 745 in
1473 721 1553 746 tanta
1573 728 1667 747 rerum
1687 720 1826 748 varietate
1848 720 1885 749 de

200 774 278 799 recta
299 780 331 798 ac
353 770 436 798 solita
454 770 563 798 ratione
591 770 762 809 dejiciuntur
786 776 814 800 et
835 772 863 800 in
890 772 1010 800 diversis
1034 773 1069 800 ab
1091 773 1146 801 hac
1167 773 1295 801 terrestri
1316 778 1418 802 natura
1438 774 1604 812 regionibus
1625 776 1757 813 omnique
1786 787 1882 806 rerum

200 827 336 855 infinitate
357 826 585 865 peregrinantur.
619 827 761 857 Ridentur
782 829 866 857 simul
887 829 1053 867 scriptores,
1076 830 1125 867 qui
1146 829 1181 858 de
1203 830 1396 859 remotissimis
1412 834 1505 859 terrae
1526 831 1656 869 partibus
1678 833 1884 872 maritimisque

200 884 348 912 itineribus
368 883 517 912 mendacia
531 885 711 922 protulerunt
730 890 761 913 ut
775 884 968 921 Onesicritus,
991 885 1167 921 Clitarchus,
1189 886 1407 924 Megasthenes,
1430 887 1600 923 Jambulus‚
1629 889 1774 927 Diogenes
1795 890 1885 919 Anto-

199 941 270 969 nius.
300 940 347 968 Nil
369 950 437 968 sane
458 940 605 978 pulchrius
627 951 660 969 ac
675 941 804 970 festivius
826 941 853 969 in
875 942 928 971 hoc
943 952 1049 980 genere
1067 943 1204 981 scriptum
1227 948 1334 979 exstat,
1357 955 1441 983 quam
1464 954 1537 983 quae
1558 944 1702 974 Lucianus
1724 946 1760 974 de
1783 946 1884 975 itinere

200 1007 250 1026 suo
264 1007 315 1035 per
329 996 476 1025 Oceanum
491 997 698 1026 occidentalem
714 1002 824 1033 narrat,
847 1009 904 1037 quo
920 999 948 1027 in
966 999 1063 1028 lunam
1080 1000 1181 1035 etiam,
1203 1001 1306 1036 solem,
1328 1002 1441 1036 stellas,
1462 1002 1491 1030 in
1512 1002 1568 1030 ceti
1578 1001 1615 1039 4⁴)
1637 1002 1761 1040 ingentis
1778 1003 1883 1039 alvum,

199 1054 228 1082 in
248 1053 379 1091 Elysium
401 1058 430 1082 et
451 1053 604 1082 Tartarum
625 1054 737 1083 delatus
757 1055 801 1084 sit.
845 1055 989 1092 Quantum
1022 1057 1218 1086 delectationis
1247 1057 1327 1086 istius
1355 1059 1444 1087 seculi
1471 1059 1598 1087 homines
1628 1069 1663 1087 ex
1684 1059 1816 1088 itinerum
1838 1060 1887 1089 de-

199 1110 399 1148 scriptionibus
423 1111 553 1148 quamvis
567 1110 639 1139 fictis
661 1115 689 1140 et
709 1111 847 1140 fabulosis
864 1113 1059 1151 perceperint,
1082 1114 1162 1142 testis
1187 1118 1230 1143 est
1251 1114 1337 1143 etiam
1350 1115 1541 1144 Philostratus
1563 1116 1592 1144 in
1606 1116 1666 1144 vita
1685 1116 1831 1154 Apollonii
1845 1116 1883 1155 45)

198 1172 226 1196 et
246 1168 352 1195 Fronto
367 1165 414 1205 4⁶).
456 1167 497 1196 At
517 1168 644 1196 Lueiano
663 1168 778 1206 jocosas
799 1173 830 1197 ut
857 1169 897 1197 ita
926 1170 1018 1198 dicam
1042 1171 1142 1199 Musas
1163 1171 1241 1199 haud
1271 1172 1363 1199 minus
1386 1172 1500 1209 placide
1523 1172 1670 1207 annuisse,
1703 1183 1800 1210 quam,
1835 1174 1884 1211 qui

197 1224 340 1262 principes
362 1224 390 1252 in
412 1224 549 1262 ejusmodi
570 1225 753 1262 scriptionum
775 1235 880 1263 genere
902 1226 986 1255 hodie
1007 1227 1177 1262 laudantur,
1211 1227 1345 1263 Tieckio‚
1374 1228 1403 1256 J.
1425 1228 1458 1256 P.
1476 1229 1509 1256 F.
1532 1228 1693 1264 Richterio,
1715 1229 1778 1257 aliis
1799 1230 1884 1258 facile

197 1281 249 1309 tibi
270 1281 455 1319 persuaseris.
476 1297 517 1302 ——
538 1281 630 1318 Quem
650 1291 718 1310 vero
740 1284 773 1310 cle
792 1283 909 1311 historia
924 1285 1124 1312 conscribenda
1147 1285 1308 1323 composuit
1328 1284 1432 1313 librum
1446 1285 1590 1314 Lucianus
1611 1295 1667 1313 non
1686 1295 1720 1314 ea
1737 1286 1773 1314 de
1787 1297 1883 1322 causa,

196 1341 228 1366 ut
247 1337 377 1376 plurimis
398 1337 528 1374 videtur,
549 1338 631 1366 brevi
652 1343 716 1376 post
737 1339 918 1368 historiarum
939 1350 1074 1369 verarum
1093 1341 1182 1370 libros
1198 1341 1335 1379 scriptum
1351 1345 1498 1380 putamus,
1523 1342 1599 1380 quod
1617 1343 1730 1371 illarum
1750 1344 1883 1381 exemplo

196 1404 249 1433 per
264 1395 361 1433 jocum
382 1394 465 1432 quasi
485 1394 607 1424 voluerit
634 1399 791 1424 monstrare
815 1396 972 1432 Lucianus,
1011 1398 1154 1436 quomodo
1186 1398 1306 1427 historia
1334 1398 1540 1427 conscribenda
1566 1409 1622 1427 non
1650 1399 1702 1435 sit,
1733 1416 1772 1420 ——
1802 1400 1880 1438 quod

196 1451 332 1489 frigidum
353 1461 421 1480 sane
444 1456 473 1480 et
484 1451 611 1480 Luciano
631 1452 779 1491 indignum
793 1457 836 1482 est
857 1469 897 1474 —
917 1454 1024 1483 sedita
1045 1455 1199 1483 cohaerere
1221 1455 1303 1493 quasi
1323 1455 1466 1490 videntur,
1488 1455 1564 1493 quod
1585 1456 1614 1484 in
1637 1460 1757 1494 utroque
1779 1457 1879 1485 libello

196 1518 349 1547 perversae
370 1509 568 1537 historicorum
590 1509 714 1537 rationes
735 1511 975 1549 perstringuntur.
1010 1512 1044 1539 In
1066 1511 1138 1540 libro
1160 1513 1193 1540 de
1214 1512 1333 1541 historia
1353 1513 1554 1541 conscribenda
1576 1513 1613 1541 ad
1636 1513 1717 1551 leges
1740 1514 1881 1551 quasdam

194 1570 346 1594 revocatur
368 1575 414 1594 ars
431 1566 579 1601 historica,
604 1570 632 1594 et
654 1576 727 1604 quae
749 1566 938 1606 Thucydides
959 1568 987 1596 in
1008 1569 1088 1597 initio
1109 1569 1204 1607 operis
1225 1568 1308 1597 nimis
1328 1579 1427 1607 presse
1450 1569 1531 1604 dixit,
1555 1569 1696 1608 copiosius
1718 1580 1735 1598 a
1756 1570 1883 1599 Luciano

195 1627 388 1661 exponuntur,
418 1623 467 1660 qui
493 1623 569 1658 vult,
600 1628 631 1652 ut
654 1625 682 1653 in
703 1625 836 1653 historico
864 1624 950 1653 insint
979 1625 1084 1663 ingenii
1114 1625 1205 1653 virtus
1233 1625 1362 1654 doctrina
1389 1625 1605 1664 eruditioneque
1631 1627 1759 1661 exculta,
1793 1627 1880 1656 animi

195 1680 315 1715 candor,
337 1680 467 1709 veritatis
489 1681 629 1716 studium,
651 1682 788 1710 sermonis
810 1681 978 1720 simplicitas
1001 1686 1029 1710 et
1050 1682 1253 1720 perspicuitas,
1275 1686 1354 1711 recta
1374 1692 1468 1710 rerum
1483 1683 1630 1721 dispositio
1645 1683 1880 1722 singularumque

195 1737 318 1774 partium
346 1738 499 1775 proportio.
547 1738 596 1766 Ad
627 1743 805 1776 posterorum
838 1739 932 1776 potius
968 1749 1054 1776 quam
1082 1739 1245 1777 aequalium
1273 1739 1484 1777 respiciendum
1514 1749 1576 1767 esse
1606 1740 1718 1777 judicia
1748 1740 1796 1775 iis,
1831 1741 1881 1778 qui

198 1794 297 1831 κτῆμα
319 1794 360 1827 εἰς
382 1792 429 1823 αἐῖ
448 1796 564 1831 μᾶλλον
585 1792 605 1831 ἤ
626 1791 789 1834 α’γαίνισμα
811 1796 854 1829 εἰς
876 1792 912 1826 τό
936 1796 1127 1836 παραχρῆμα
1149 1795 1275 1824 scribere
1297 1796 1394 1824 velint.
1437 1795 1561 1824 Causam
1588 1797 1672 1834 hujus
1702 1797 1792 1825 libelli
1814 1797 1882 1826 scri-

196 1849 283 1878 bendi
304 1849 498 1887 praebuerant
519 1850 715 1879 absurdissimi
737 1851 854 1889 quidam
876 1853 1018 1888 homines,
1058 1853 1106 1890 qui
1127 1852 1236 1881 bellum
1257 1862 1273 1880 a
1293 1852 1375 1881 Lucii
1401 1852 1473 1881 Veri
1493 1852 1598 1890 legatis
1625 1853 1705 1882 annis
1726 1864 1754 1891 p.
1777 1853 1828 1881 Ch.
1852 1864 1883 1882 n.

198 1910 354 1938 162—165
378 1917 441 1935 cum
460 1907 575 1936 Parthis
597 1912 710 1946 gestum
720 1907 767 1946 4⁷),
790 1909 964 1946 ineptissime
987 1909 1215 1947 descripserant3
1244 1909 1321 1938 unde
1342 1913 1470 1947 temPUS,
1506 1920 1562 1947 quo
1585 1910 1720 1948 egregius
1742 1911 1788 1939 hic
1809 1910 1884 1939 liber

197 1963 319 2001 scriptus
340 1968 397 1999 est,
429 1964 498 1992 satis
520 1968 653 1993 accurate
684 1969 779 2003 potest
808 1965 925 1994 definiri.
969 1966 1049 2002 Quae
1071 1966 1214 1994 Luciauus
1236 1966 1272 1994 de
1294 1965 1456 2004 separanda.
1480 1971 1540 1995 arte
1561 1967 1697 1995 historica
1718 1972 1747 1995 et
1767 1968 1883 2005 poetica

197 2023 224 2047 et
245 2019 281 2047 de
302 2024 380 2048 recta
401 2021 537 2049 sermonis
558 2021 686 2050 historici
707 2021 915 2056 moderatione,
948 2023 1029 2060 eujus
1051 2023 1162 2052 lenitati
1189 2034 1225 2052 ex
1253 2025 1283 2053 vi
1312 2024 1427 2062 poetica
1458 2023 1567 2061 aliquid
1593 2024 1824 2053 inflammandum
1846 2024 1884 2053 sit

198 2075 334 2114 (Cap-[14
349 2076 408 2115 ss),
431 2077 512 2113 dixit,
534 2078 639 2106 eximia
660 2088 775 2116 prorsus
799 2083 827 2107 et
849 2088 922 2116 quae
944 2079 980 2107 ab
1003 2080 1134 2109 omnibus
1156 2081 1290 2118 legantur
1310 2081 1398 2119 digna
1419 2085 1492 2109 sunt.

269 2196 319 2226 44)
339 2195 395 2219 Ceti
414 2196 489 2227 hujus
510 2197 600 2227 alvus,
639 2199 665 2222 in
693 2207 743 2230 qua
770 2207 814 2230 per
840 2198 947 2231 longum
966 2202 1065 2231 tempus
1094 2200 1209 2224 inclusus
1235 2201 1283 2224 fuit
1302 2201 1432 2225 Lucianus
1451 2208 1510 2224 culn
1529 2200 1622 2230 sociis,
1652 2202 1681 2224 ut
1700 2200 1810 2232 plurima
1829 2199 1882 2224 alia

338 2248 472 2268 moverunt
490 2245 625 2278 theologos
644 2247 796 2277 nonnullos,
816 2250 845 2271 ut
862 2247 1005 2271 Lueianum
1024 2248 1112 2273 literas
1130 2257 1217 2273 sacras
1236 2249 1439 2273 Christianorum
1458 2250 1546 2274 risisse
1565 2252 1690 2281 putarent.
1729 2249 1785 2279 Qua
1803 2248 1834 2273 de
1853 2256 1881 2273 re

338 2293 388 2317 alio
408 2293 464 2317 loco
485 2294 670 2326 disputavimus
690 2296 735 2321 cfr.
754 2296 822 2320 Nota
843 2300 883 2324 15.

265 2341 315 2373 45)
335 2342 379 2365 cfr.
399 2341 529 2374 Apollonii
549 2344 628 2368 vitam
647 2344 691 2368 ubi
710 2345 742 2369 11.
764 2348 789 2369 et
808 2345 851 2369 III.
872 2345 903 2369 de
922 2346 1009 2375 Indis,
1029 2346 1070 2370 VI.
1092 2346 1157 2371 libro
1178 2347 1209 2371 de
1227 2346 1347 2379 Aegypto
1368 2346 1487 2370 fabulosa
1506 2346 1654 2378 produntur.

267 2389 317 2420 46)
337 2389 376 2413 ed.
397 2390 449 2414 Mai
468 2399 491 2423 p.
512 2396 570 2419 565.
591 2393 685 2417 Fronto
705 2393 736 2417 de
754 2402 783 2417 eo
803 2394 972 2426 scriptionum
990 2402 1084 2427 genere
1104 2394 1167 2419 haec
1188 2396 1240 2419 fere
1258 2395 1398 2427 praecipit:
1417 2396 1542 2427 imprimis
1562 2395 1685 2420 sectanda
1704 2398 1743 2419 est
1761 2395 1876 2420 suavitas

335 2441 361 2462 et
379 2446 476 2462 erumna
495 2441 576 2465 virtus
595 2445 635 2465 est
653 2443 808 2467 asseveratio
827 2442 883 2475 (der
902 2450 1104 2475 angenommenc
1120 2444 1260 2468 ernsthafte
1285 2444 1352 2476 Ton)
1371 2447 1396 2468 et
1415 2452 1466 2468 non
1486 2445 1587 2468 inficete
1607 2444 1718 2468 conficta
1736 2443 1879 2473 mendacia,

337 2486 396 2510 dum
416 2487 500 2520 lepido
520 2489 606 2521 aliquo
626 2494 775 2523 argumento
791 2491 920 2522 juventur.

265 2535 316 2566 47)
336 2534 366 2559 de
387 2535 435 2560 hoc
454 2537 523 2562 bell«,
544 2539 588 2563 cfr.
608 2539 635 2563 C.
655 2540 682 2564 F.
703 2540 844 2564 Hermanni
863 2540 903 2565 ed.
923 2541 997 2572 hujus
1018 2541 1076 2565 libri
1097 2544 1174 2569 1828.
1193 2549 1217 2574 p.
1237 2542 1404 2566 xv—xvu.
