2280 2777
925 151 1179 185 „10-

211 257 375 297 adjuvabat.
404 256 501 296 (Apol.
518 254 576 291 12.)
620 252 704 290 Quod
722 262 824 281 munus
846 252 875 280 in
895 251 1045 290 provincia
1072 251 1297 281 administranda
1325 252 1524 290 gravissimum
1551 262 1631 291 spem
1653 253 1738 281 etiam
1758 253 1892 291 praebuit

210 315 336 345 Luciano
358 313 464 342 altioris
484 309 630 348 dignitatis
652 308 832 344 obtinendae,
853 312 885 337 ut
905 308 1057 337 universae
1078 308 1163 337 alicui
1184 308 1348 347 prouinciae
1368 308 1576 346 praeficeretur,
1601 313 1650 338 aut
1669 309 1743 338 aliae
1765 310 1890 338 actiones

211 371 308 410 regiae
328 370 383 409 ipsi
402 367 611 397 mandarentur.
654 365 738 402 Quod
758 375 826 393 num
846 365 1001 394 obtinuerit
1014 365 1168 400 Lueianus,
1189 375 1275 403 quam
1295 364 1345 394 diu
1365 364 1478 399 vixerit,
1498 365 1549 394 ubi
1569 370 1704 401 mortuus,
1725 366 1776 394 ubi
1796 365 1891 404 sepul-

212 434 258 458 tus
279 428 323 462 sit,
344 427 514 464 ignoramus.
555 422 590 451 In
609 421 749 450 Eunucho
770 422 833 461 (15)
854 422 941 451 filium
963 421 1018 450 sibi
1040 431 1120 457 esse,
1148 422 1177 450 in
1197 421 1321 459 Navigio
1343 420 1406 460 (11)
1427 421 1570 459 mysteriis
1590 422 1731 451 initiatum
1751 432 1782 451 se
1802 422 1891 451 fuisse

212 485 326 514 videtur
352 481 491 516 indicare3
525 483 620 507 cetera
648 488 685 507 ex
711 479 771 507 vita
796 480 857 517 ejus
884 479 998 517 privata
1023 479 1195 516 ignoramus.
1237 478 1374 516 Podagra
1395 487 1460 506 eum
1485 477 1631 507 laborasse
1652 488 1689 507 ex
1710 479 1891 514 carminibus,

213 551 286 580 quae
307 540 335 567 in
355 539 416 576 ejus
435 537 568 576 operibus
590 537 739 575 legunt-ur,
762 535 991 574 Tragopodagra
1016 541 1045 564 et
1065 534 1198 573 Ocypus,
1229 535 1426 563 concluserunt
1447 535 1589 571 nonnulli;
1619 535 1710 564 Cassii
1729 545 1812 571 vero,
1841 535 1892 574 qui

214 602 309 627 contra
330 596 459 623 Marcum
478 593 628 622 Aurelium
648 593 856 631 conjuraverat,
878 593 999 621 amicum
1020 592 1106 621 fuisse
1124 592 1289 626 Lueiauum,
1312 591 1471 629 infestoque
1492 595 1589 620 contra
1609 592 1767 621 Antoninos
1788 592 1892 627 animo,

213 652 399 682 demonstrari
420 661 477 680 non
497 654 600 689 potest.

371 708 451 745 Quae
473 707 567 736 omnia
593 707 720 745 reliquae
742 705 925 744 disputationi
946 705 1169 743 praemunienda
1189 704 1377 739 videbantur,
1408 714 1465 742 quo
1486 704 1597 733 facilius
1618 705 1687 733 ordo
1708 705 1893 734 continuatio-

211 776 266 804 que
286 765 447 794 libellorum
473 767 569 802 posset
589 763 707 792 institui.
749 762 822 791 Sunt
847 762 934 799 igitur
961 763 1018 790 tria
1045 763 1168 791 maxime
1189 763 1357 800 scriptorum
1382 772 1488 800 yenera
1508 762 1722 790 Lucianeorum.
1763 763 1895 791 Primum

210 823 372 852 libellorum
398 821 434 849 ab
456 821 536 849 annis
558 820 623 850 circ.
646 822 814 852 140—160
836 819 1005 856 scriptorum
1023 829 1113 857 genus
1133 820 1211 848 circa
1231 820 1302 847 artis
1322 819 1477 847 rhetoricae
1497 823 1523 846 et
1540 819 1742 856 grammaticae
1762 823 1893 847 versatur

209 880 318 913 studia,-
338 879 487 906 secundum
509 887 600 915 genus
616 877 842 915 philosophiam,
865 875 910 904 cui
930 875 1039 904 Romae
1060 876 1240 914 Athenisque
1261 885 1377 914 operam
1399 875 1468 904 dare
1490 875 1590 913 coepit,
1611 875 1684 903 serio
1705 879 1822 911 tractat,
1845 885 1894 903 ex-

209 936 296 975 plosis
316 936 460 963 rhetorum
480 934 649 972 praeceptis.
690 933 781 962 Pauci
802 936 911 961 tantum
932 933 992 971 ejus
1013 933 1126 970 generis
1148 936 1262 961 exstant
1282 932 1372 961 libelli
1395 932 1474 961 annis
1496 935 1676 966 160-165,
1699 936 1731 960 ut
1751 935 1894 969 putamus,

210 992 372 1031 compositi3
396 1001 468 1029 quos
489 991 596 1029 excipit
616 1000 708 1029 genus
728 990 838 1019 tertium
858 989 983 1018 maxima
1005 1000 1041 1018 ex
1061 995 1143 1028 parte
1164 990 1317 1018 satiricum.
1360 989 1440 1026 Quae
1461 993 1554 1018 autem
1573 989 1717 1017 hominum
1737 988 1808 1017 w'tia
1827 988 1894 1017 sati-

209 1050 247 1078 ris
269 1050 326 1078 suis
349 1049 554 1086 exagitaverit,
577 1048 642 1086 ipsa
661 1048 799 1076 librorum
821 1047 965 1075 docebunt
987 1051 1170 1084 argumenta3
1201 1047 1221 1075 ii
1241 1056 1309 1075 vero
1330 1046 1409 1081 libri,
1436 1046 1485 1084 qui
1507 1056 1524 1074 a
1544 1045 1671 1074 Luciano
1692 1055 1747 1073 non
1769 1055 1831 1073 esse
1853 1044 1894 1073 vi-

209 1107 311 1135 dentur
332 1105 465 1144 profecti,
487 1104 541 1133 sub
561 1104 644 1133 finem
666 1103 865 1142 disputationis
886 1103 1098 1132 indicabuntur.

366 1162 509 1197 Primum,
532 1166 564 1190 ut
584 1161 666 1190 nobis
686 1161 812 1196 videtur,
836 1160 1004 1198 opuseulum
1023 1160 1184 1195 Lueianus,
1209 1170 1296 1198 quum
1316 1159 1345 1187 in
1363 1158 1449 1188 Jonia
1468 1162 1631 1187 versaretur
1652 1158 1832 1192 adolescens,
1850 1157 1895 1195 jo-

207 1220 270 1249 nica
291 1219 414 1248 dialecto
435 1219 548 1257 scripsit
569 1222 596 1250 1.
614 1220 648 1247 de
668 1218 829 1256 astroloyia.
870 1217 1002 1246 Imitatur
1024 1217 1053 1245 in
1075 1226 1108 1245 eo
1129 1217 1207 1245 haud
1229 1217 1326 1254 inepte
1339 1216 1518 1244 Herodotum
1540 1220 1568 1243 et
1587 1215 1656 1243 licet
1676 1215 1782 1252 ingenii
1804 1214 1894 1243 aciem

207 1277 402 1315 sermonisque
423 1275 632 1304 desideraveris
654 1275 884 1310 concinnitatem,
914 1279 1009 1303 tamen
1036 1273 1173 1303 imbecilli
1202 1278 1230 1302 et
1251 1272 1441 1312 superstitiosi
1468 1272 1588 1301 hominis
1608 1272 1684 1300 hunc
1706 1281 1767 1300 esse
1788 1270 1896 1299 foetum

208 1334 348 1369 Kustero,
371 1333 497 1372 Heynio‚
519 1332 582 1362 aliis
601 1342 660 1361 non
682 1331 830 1361 concedes.
871 1331 944 1369 Agit
962 1331 1106 1360 Lucianus
1127 1331 1164 1359 de
1186 1331 1359 1369 astrologiae
1380 1329 1468 1358 initiis
1490 1333 1518 1357 et
1539 1328 1706 1357 auctoritate
1727 1338 1760 1356 ac
1782 1327 1817 1356 de
1838 1327 1895 1356 fide

209 1391 250 1419 illi
270 1390 413 1419 habenda.
455 1389 582 1419 Fabulas
604 1389 742 1428 quasdam
764 1389 799 1417 de
822 1388 875 1417 diis
898 1392 926 1417 et
946 1388 1081 1417 heroibus
1102 1388 1140 1417 ad
1160 1388 1233 1417 hanc
1256 1391 1345 1416 artem
1365 1386 1529 1415 referendas
1550 1389 1645 1423 putat,
1666 1389 1698 1413 ut
1718 1384 1805 1413 Stoici
1827 1393 1896 1422 quo-

209 1457 265 1486 que
287 1447 367 1485 vulgi
394 1447 431 1476 de
452 1447 506 1475 diis
527 1446 672 1485 opiniones
700 1446 737 1474 ad
759 1445 909 1484 physicam
931 1445 1194 1484 interpretationem
1215 1444 1398 1473 revocabant.
1439 1443 1545 1472 Mirum
1567 1451 1649 1477 sane,
1679 1451 1765 1479 quam
1786 1441 1896 1469 alienus

208 1504 351 1533 Lucianus
373 1504 529 1533 aDeorum
550 1504 680 1532 irrisione
700 1507 760 1532 tum
780 1502 873 1537 fuerit,
896 1512 982 1540 quum
1005 1503 1059 1531 ista
1081 1502 1219 1531 scriberet
1240 1500 1409 1540 (20—22.);
1434 1504 1463 1528 at
1477 1504 1507 1528 ut
1525 1499 1665 1528 maximae
1680 1508 1725 1526 res
1738 1498 1778 1526 ita
1801 1497 1895 1536 splen-

209 1561 355 1590 didissima
376 1561 461 1590 etiam
481 1561 597 1599 ingenia
617 1571 634 1589 a
654 1560 775 1589 minimis
796 1559 962 1597 saepissime
984 1559 1202 1597 proficiscuntur
1222 1559 1323 1594 initiis,
1353 1567 1474 1596 quorum
1501 1556 1624 1594 vestigia
1643 1556 1671 1583 in
1691 1555 1734 1590 iis,
1757 1564 1830 1592 quae
1851 1563 1895 1583 se-

208 1618 274 1646 riori
302 1622 395 1646 aetate
422 1618 612 1656 scripserunt,
640 1617 689 1645 vix
718 1616 901 1645 invenereris.
943 1615 989 1644 Ita
1017 1620 1102 1645 tenue
1132 1616 1277 1645 etiamtum
1296 1615 1415 1643 Luciani
1443 1614 1587 1651 ingenium
1616 1612 1801 1649 astrologiam
1828 1621 1895 1639 cum

210 1675 379 1703 astronomia
400 1674 548 1704 confundit
569 1679 597 1703 et
619 1674 752 1712 discipuli
773 1674 801 1702 in
822 1683 929 1702 morem
950 1674 1058 1708 omnia,
1081 1682 1155 1711 quae
1177 1673 1213 1701 de
1234 1672 1368 1710 gentibus
1388 1670 1582 1699 remotissimis
1605 1678 1759 1706 earumque
1781 1668 1816 1697 de
1837 1677 1894 1695 mo-

209 1732 288 1760 ribus
311 1742 326 1760 a
347 1731 490 1769 magistris
511 1731 559 1759 vel
580 1741 617 1760 ex
636 1731 717 1760 libris
740 1731 888 1765 didicerat,
912 1731 1062 1769 expromit.
1104 1730 1164 1758 Nos
1184 1739 1253 1758 rero
1273 1729 1409 1757 latentem
1423 1728 1451 1756 in
1469 1726 1682 1756 adolescentulo
1697 1725 1803 1763 ingenii
1824 1724 1896 1753 scin-

210 1789 300 1818 tillam
327 1789 355 1817 in
382 1789 437 1817 hoc
463 1788 562 1817 libello
589 1798 675 1826 quum
703 1788 865 1825 conspicere
886 1787 969 1816 nobis
989 1787 1152 1822 videamur,
1182 1786 1336 1824 genuinum
1363 1794 1425 1813 esse
1447 1794 1510 1812 eum
1533 1784 1683 1812 statuimus
1697 1782 1743 1820 ²⁴).
1785 1781 1896 1809 Eadem

206 1845 363 1883 judicanda
383 1850 515 1883 putamus
537 1845 572 1874 de
595 1850 621 1876 2.
640 1845 807 1874 C'haridemo
828 1855 850 1872 s.
871 1846 905 1873 de
921 1845 1132 1882 pulchritudine
1151 1843 1259 1879 libello,
1280 1843 1309 1871 in
1331 1852 1387 1880 quo
1406 1841 1558 1875 Lucianus,
1580 1845 1611 1868 ut
1627 1839 1711 1867 Plato
1732 1839 1761 1866 in
1783 1847 1897 1876 spnpo-

209 1902 266 1937 sio,
287 1906 345 1930 tres
366 1902 501 1930 convivas
522 1902 643 1937 inducit,
666 1912 683 1930 a
703 1901 807 1939 quibus
827 1901 1048 1939 pulchritudinis
1070 1900 1170 1929 laudes
1192 1900 1297 1938 triplici
1318 1899 1426 1928 ratione
1448 1898 1637 1927 celebrantur.
1681 1895 1831 1924 Scribendi
1852 1905 1896 1923 ar-

210 1963 268 1987 tem
289 1963 317 1987 et
338 1959 502 1988 facilitatem
522 1959 614 1997 magis
634 1958 792 1993 Lucianus,
821 1968 908 1996 quum
936 1958 1021 1986 istum
1047 1962 1228 1996 componeret
1248 1956 1392 1990 libellum,
1421 1958 1604 1989 exercuerat,
1633 1963 1719 1991 quam
1740 1951 1847 1990 ingenii
1866 1951 1897 1979 in

210 2015 296 2044 rebus
318 2020 394 2044 recte
413 2015 596 2054 disponendis
614 2025 647 2044 ac
663 2015 829 2044 definiendis
846 2015 951 2051 aciem,
975 2019 1004 2043 at
1021 2015 1150 2053 quamvis
1168 2014 1356 2043 concedamus
1370 2011 1534 2041 doctissimo
1546 2009 1722 2039 Lehmannio
1742 2009 1809 2048 (IX,
1824 2008 1897 2047 612)

211 2072 378 2111 scriptorem
400 2072 541 2110 quendam
556 2072 722 2111 juvenilem,
746 2081 820 2110 quae
838 2082 874 2100 ex
890 2071 1091 2110 Xenophonte,
1114 2071 1244 2105 Platone,
1266 2071 1401 2103 Isocrate,
1425 2068 1588 2106 collegerat,
1611 2066 1738 2105 proferre
1760 2065 1897 2100 voluisse,

212 2139 229 2158 a
246 2129 372 2158 Luciano
392 2139 448 2158 non
469 2129 597 2168 potuisse
623 2129 710 2158 scribi
730 2129 806 2158 huuc
826 2128 957 2157 libellum
978 2139 1124 2166 negamus.
1167 2128 1242 2156 Miro
1264 2137 1332 2156 sane
1355 2129 1522 2164 argumento
1543 2125 1571 2153 in
1592 2124 1711 2152 Luciani
1733 2124 1897 2152 adolescen-

211 2186 264 2214 tuli
283 2196 440 2215 sermonem
461 2186 632 2225 dicendique
651 2186 792 2215 rationem
813 2196 849 2214 ex
862 2186 1033 2225 incorrupta,
1057 2196 1115 2224 qua
1128 2189 1282 2224 provectus
1304 2188 1397 2213 aetate
1415 2182 1558 2217 utebatur,
1581 2181 1718 2210 sermonis
1734 2180 1897 2209 urbanitate

213 2246 241 2271 et
262 2243 417 2281 elegantia,
438 2243 468 2272 fit
488 2244 620 2282 impetus.
662 2243 732 2272 Erat
753 2243 827 2271 enim
845 2243 987 2278 Luciano,
1009 2253 1096 2281 quum
1116 2242 1240 2280 Assyria
1260 2245 1388 2270 uteretur
1408 2239 1514 2278 patria,
1535 2238 1697 2267 Atticorum
1719 2236 1897 2266 consuetudo

214 2309 278 2328 eum
298 2300 386 2328 multa
407 2301 587 2329 contentione
608 2300 796 2335 addiscenda,
819 2304 850 2328 ut
871 2299 933 2338 ipse
955 2300 1028 2328 dixit
1048 2300 1076 2328 in
1096 2300 1243 2328 rhetorum
1263 2301 1448 2337 praeceptore
1470 2295 1526 2335 (8),
1548 2295 1716 2333 Lexiphane
1737 2294 1800 2334 (22)
1822 2293 1897 2322 aliis⁴

282 2433 330 2464 24)
350 2433 421 2457 Conf.
440 2433 555 2458 Wetzlar
572 2442 597 2466 p.
617 2437 658 2461 21.
695 2434 779 2466 Pauly
798 2433 992 2466 Uebersetzung
1009 2434 1033 2458 S.
1055 2437 1120 2461 919:
1143 2433 1236 2458 Dieses
1255 2432 1391 2457 schwache
1411 2430 1463 2455 und
1482 2438 1540 2454 zum
1557 2429 1633 2453 Theil
1653 2427 1763 2452 absurde
1781 2426 1885 2451 Produk

351 2481 436 2505 kiinne
454 2481 532 2506 kaum
550 2482 616 2506 auch
639 2490 687 2506 nur
704 2483 746 2506 fiir
763 2483 820 2506 eine
838 2482 1026 2515 verungliickte
1044 2482 1235 2514 Jugendarbeit
1251 2481 1364 2505 Lucians
1388 2479 1511 2511 gehalten
1529 2477 1639 2501 werden.
1678 2476 1821 2501 Lehmanni
1839 2483 1898 2499 sen-

354 2531 460 2555 tentiam
479 2530 509 2561 V,
527 2535 578 2559 556
597 2534 718 2563 sequutus
735 2531 836 2555 videtur
854 2531 969 2563 Paulyus
987 2532 1014 2556 in
1032 2532 1113 2564 primo
1133 2534 1159 2555 et
1176 2531 1220 2562 qui
1232 2530 1354 2562 ,sequitur
1371 2527 1517 2552 Charidemi
1536 2525 1634 2550 libello.
