2280 2777
1070 163 1324 197 -17-

356 264 554 302 voluptatibus
585 263 755 292 adhibendis
787 264 943 301 legentium
971 264 1097 299 animos,
1128 264 1270 302 corrigere
1299 264 1369 292 vitia
1391 269 1419 292 et
1440 273 1508 292 vere
1531 264 1682 292 emendare
1704 264 1831 292 homines
1853 264 1965 303 scriptis
1986 275 2042 294 non

359 325 465 359 potest.
492 336 534 340 -—
568 320 650 348 Idem
670 319 729 348 fere
747 319 935 358 judicandum
956 320 1070 349 videtur
1091 320 1128 348 de
1151 321 1239 349 Lucio
1267 321 1327 349 sive
1359 321 1446 349 Asino
1467 320 1601 355 Luciani,
1633 320 1668 349 de
1694 321 1774 358 cujus
1794 321 1862 349 libri
1883 321 1993 359 origine
2015 326 2043 350 ct

358 381 453 405 aetate
473 381 623 414 tantopere
644 376 815 405 dissentiunt
837 377 891 406 viri
913 377 1002 411 docti,
1024 382 1055 405 ut
1075 377 1129 405 sub
1147 377 1246 414 judice
1268 377 1400 404 videatur
1421 377 1611 414 relinquenda
1631 377 1675 405 lis.
1702 377 1808 406 Lucius
1830 377 1959 415 quidam,
1993 378 2042 416 qui

360 434 507 473 ἱστοριῶν
529 433 581 462 καῖ
603 430 703 462 ἄλλων
725 434 904 472 συγγραφέα
927 438 956 462 et
976 433 1159 467 Patrensem,
1187 434 1274 471 (quae
1295 437 1338 461 est
1358 433 1488 470 Achajae
1509 433 1594 468 urbs)
1616 443 1648 461 se
1670 433 1739 462 dicit
1760 433 1851 472 (55),
1873 434 1902 462 111
1922 435 1976 462 1108
1998 444 2040 463 ar-

356 489 428 517 tium
449 489 625 527 magicarum
647 495 674 518 et
696 490 928 528 superstitionum
940 490 1026 528 pleno
1046 490 1146 518 libello
1167 494 1333 528 portentosa
1346 494 1443 517 narrat
1465 489 1500 517 de
1521 494 1611 518 semet
1630 490 1693 527 ipso
1713 490 1742 518 in
1763 491 1873 519 asinum
1894 500 2039 526 converso,

359 545 425 573 dein
449 556 516 574 casu
539 546 663 584 quodam
684 547 713 574 in
733 547 872 575 rationem
894 551 922 575 et
942 546 1059 575 formam
1080 547 1233 575 humanam
1254 545 1392 574 restituto.
1434 545 1563 573 Libellus
1585 547 1688 583 passim
1711 547 1855 575 obscoena.
1886 551 1914 576 et
1936 548 2039 585 turpis-

357 602 430 630 sima
451 602 573 640 profert,
596 613 724 631 sermone
746 608 842 632 tamen
863 603 999 632 concinno
1022 608 1050 632 et
1072 603 1109 632 ad
1132 603 1350 632 delectationem
1372 602 1542 639 composito,
1564 602 1604 630 ita
1624 609 1655 630 ut
1669 607 1788 641 propter
1803 603 1934 632 dictionis
1947 614 2038 642 genus

357 668 414 687 non
435 659 569 696 indignus
591 660 741 688 habendus
762 660 798 688 sit
819 660 938 688 Luciani
960 660 1033 688 stilo.
1076 660 1158 688 Lucii
1179 670 1247 688 vero
1269 659 1317 687 vel
1337 658 1440 696 Lycini
1469 659 1579 686 nomine
1611 669 1674 687 cum
1694 660 1722 687 in
1744 660 1806 688 aliis
1826 660 1910 688 etiam
1932 661 2039 689 libellis

357 725 389 743 se
410 715 551 753 significet
571 716 730 751 Lucianus,
752 716 899 745 Patrensis
921 721 1016 745 autem
1034 726 1193 755 cognomen
1214 717 1279 745 ideo
1300 720 1411 744 tantum
1432 715 1487 743 sibi
1509 715 1622 743 dedisse
1641 716 1774 744 vidcatur
1793 721 1907 751 auctor,
1940 722 1972 745 ut
1992 717 2040 745 vel

357 772 450 800 seriae
470 773 640 801 narrationis
662 774 786 811 speciem
808 773 945 808 efficeret,
985 773 1033 801 vel
1055 773 1133 811 quod
1154 774 1183 801 in
1203 773 1317 811 Achaja
1346 772 1466 801 fortasse
1494 772 1616 810 scriptus
1638 773 1861 811 divulgatusque
1890 777 1933 802 est
1952 774 2042 802 liber:

357 838 395 856 cx
416 829 460 857 his
483 829 569 858 rebus
590 830 629 857 nil
652 835 750 858 contra
769 830 943 858 Lucianeam
964 830 1101 867 originem
1122 830 1254 858 concludi
1274 833 1378 868 potest.
1420 829 1494 857 Eum
1516 833 1592 857 certe
1613 829 1748 863 Lucium,
1778 840 1863 868 quem
1883 830 2039 859 Philostra-

356 889 403 913 tus
417 885 460 923 35)
493 890 630 914 memorat
652 890 680 914 et
701 887 750 924 qui
771 886 858 914 fuisse
880 886 983 914 dicitur
1013 883 1093 926 a'mfp
1115 883 1227 924 σοφός,
1261 885 1292 916 ἐν
1319 886 1382 919 τοῖς
1404 885 1547 925 φανεροῖς
1576 885 1755 921 σπουδαῖος,
1789 883 2041 922 ἐπιτηδειότατος

355 943 401 980 τῷ
418 938 567 984 (Ηροὶδῃ,
602 948 746 971 auctorem
769 943 853 980 hujus
875 942 966 970 libelli
987 942 1074 971 fuisse
1095 953 1151 971 non
1184 947 1226 971 est
1261 942 1419 981 probabile.
1461 942 1503 970 At
1532 942 1589 970 alia
1618 941 1746 970 ob0r1tur
1773 943 1924 972 difficultas
1954 943 2040 981 longe

356 999 482 1027 maxima
504 1009 540 1027 ex
562 999 657 1027 Photii
679 999 776 1027 codice
798 1004 865 1030 129.
887 1004 916 1027 et
937 1009 973 1027 ex
995 1000 1204 1037 comparatione
1225 999 1378 1038 Appuleji,
1399 999 1428 1027 in
1443 999 1523 1037 cujus
1537 999 1802 1036 metamorphoseon
1825 1000 1885 1028 sive
1904 1000 1939 1028 de
1961 1000 2039 1028 asino

357 1065 444 1083 aureo
471 1056 552 1084 libris
578 1056 627 1084 XI
653 1056 743 1084 multa
770 1055 966 1091 inveniuntur,
995 1066 1069 1094 quae
1098 1056 1135 1084 ad
1162 1057 1283 1085 verbum
1312 1056 1371 1084 fere
1403 1065 1467 1084 cum
1494 1055 1639 1083 Lucianca
1670 1056 1829 1084 narratione
1858 1057 2038 1085 conveniunt.

357 1112 479 1140 Photius
507 1118 614 1148 autem,
648 1123 735 1150 quum
763 1112 845 1141 Lucii
865 1112 1012 1141 Patrensis
1042 1110 1310 1152 μεταμορφώσεων
1330 1108 1440 1151 λόγους
1468 1109 1638 1152 διαφόρους
1657 1112 1754 1150 primis
1776 1113 1888 1141 duabus
1908 1113 2040 1151 partibus

358 1179 423 1197 cum
445 1169 564 1197 Luciani
585 1170 664 1197 asino
685 1174 743 1198 tam
763 1169 854 1197 multa
874 1169 981 1197 habere
1004 1169 1162 1198 communia
1183 1169 1273 1203 dicat,
1300 1173 1332 1197 ut
1352 1173 1416 1197 uter
1438 1169 1559 1196 alterum
1583 1169 1785 1206 compilaverit,
1808 1167 2041 1209 (μεταγράφειν,

359 1223 573 1263 ὐποσυληθέν)
603 1226 665 1264 ipse
686 1226 810 1260 nesciat,
832 1243 872 1246 —
901 1236 990 1264 quum
1011 1225 1041 1254 id
1063 1226 1147 1254 etiam
1169 1226 1288 1254 dubium
1309 1226 1345 1254 sit
1366 1225 1485 1259 Photio,
1512 1230 1576 1253 uter
1599 1230 1692 1253 aetate
1714 1226 1897 1254 antecesserit
1918 1226 2041 1254 alterum

358 1281 418 1320 (τίς
438 1279 499 1321 γάρ
522 1279 622 1321 χρόνῳ
643 1280 850 1322 πρεσβύτερος
872 1282 958 1312 οὔπω
980 1281 1087 1322 ἔχομεν
1108 1282 1252 1321 γνῶναι);
1283 1282 1350 1310 011111
1371 1282 1509 1320 suspicati
1529 1286 1595 1310 sunt
1610 1282 1736 1310 homines
1758 1283 1862 1317 critici,
1883 1282 2041 1311 Lucianum

357 1348 412 1367 sua
433 1348 468 1366 ex
491 1339 620 1376 ampliori
641 1339 722 1367 Lucii
744 1338 891 1368 Patrensis
909 1349 997 1377 opere
1019 1339 1209 1373 contraxisse,
1232 1339 1270 1367 ad
1284 1348 1369 1377 quam
1381 1338 1541 1377 opinionem
1555 1338 1674 1367 Photius
1690 1340 1749 1377 jam
1765 1339 1879 1368 videtur
1889 1340 2041 1368 inclinasse

359 1392 453 1434 (ἔοικε
477 1395 507 1424 δὲ
526 1395 644 1431 μᾶλλον
665 1393 844 1429 Λουκιανός·
863 1393 1112 1434 μεταγράφοντι,
1140 1392 1214 1425 ὅσον
1236 1391 1390 1433 εἰκάζειν).
1434 1395 1541 1424 Contra
1563 1406 1636 1433 quae
1656 1395 1836 1424 WViclandius
1859 1396 1964 1434 aliique
1983 1406 2041 1424 mo-

357 1455 495 1486 nuerunt,
524 1452 682 1480 Lucianum
702 1462 844 1489 nusquam
865 1452 936 1480 alias
958 1461 1097 1490 apparere
1119 1461 1200 1485 eum,
1236 1452 1285 1489 qui
1307 1451 1422 1480 aliunde
1444 1462 1497 1480 sua
1517 1452 1699 1490 surripuerit,
1736 1463 1798 1481 cum
1826 1453 1952 1490 benigna
1972 1462 2041 1481 usus

359 1508 397 1537 sit
417 1508 551 1546 propriae
572 1513 691 1537 naturae
709 1509 738 1537 in
759 1509 937 1537 inveniendis
957 1509 1045 1537 rebus
1067 1514 1095 1537 et
1117 1508 1207 1537 divite
1227 1518 1311 1537 vena.
1353 1509 1456 1546 Itaque
1478 1513 1527 1537 aut
1547 1509 1656 1537 nullum
1677 1509 1787 1537 omnino
1811 1510 1954 1538 exstitisse
1977 1519 2040 1537 cen-

357 1570 422 1593 sent
440 1565 561 1593 Lucium
582 1565 764 1600 Patrensem,
787 1571 835 1594 aut
857 1575 921 1593 eum
934 1566 1052 1600 librum,
1075 1575 1160 1603 quem
1176 1565 1298 1594 Photius
1312 1566 1430 1603 legerit,
1453 1566 1502 1604 qui
1523 1566 1604 1594 Lucii
1620 1566 1764 1594 Patrensis
1776 1565 2043 1605 μεταμορφώσεων

357 1631 461 1650 110111811
482 1622 594 1657 tulerit,
617 1627 643 1650 et
664 1622 693 1650 in
715 1632 771 1660 quo
792 1627 908 1660 praeter
928 1623 1101 1651 Lucianeam
1124 1622 1314 1651 narrationem
1337 1623 1393 1650 alia
1410 1623 1500 1651 multa
1518 1627 1650 1651 contenta
1663 1623 1780 1657 fuerint,
1805 1622 1904 1650 seriori
1927 1622 2041 1651 demum

358 1682 453 1707 aetate
475 1678 567 1706 videri
588 1679 724 1717 scriptum
748 1679 783 1707 ab
805 1679 932 1713 homine,
954 1679 1003 1717 qui
1023 1679 1073 1714 iis,
1096 1689 1168 1717 quae
1193 1689 1210 1707 a
1230 1679 1358 1707 Luciano
1371 1679 1481 1708 furatus
1502 1679 1553 1714 sit,
1575 1680 1632 1708 alia
1653 1680 1755 1708 similia
1773 1679 1926 1707 addiderit.
1958 1678 2040 1715 Quae

357 1736 500 1764 sententia
520 1736 589 1764 mihi
610 1736 695 1764 etiam
715 1736 861 1764 videretur
882 1736 969 1764 valde
990 1736 1165 1774 probabilis,
1186 1736 1241 1764 nisi
1263 1740 1409 1765 exstarent
1429 1736 1569 1774 Appuleji
1589 1736 1655 1764 libri
1676 1736 1751 1774 iique
1771 1736 1860 1764 multo
1881 1735 2041 1773 ampliores,

361 1803 448 1830 quam
468 1792 589 1820 Luciani
610 1793 719 1827 asinus,
740 1793 780 1821 ita
800 1797 833 1821 ut
853 1793 940 1827 inter,
962 1793 1102 1830 Appuleji
1125 1797 1153 1821 et
1173 1792 1256 1821 Lucii
1277 1793 1438 1827 Patrensis,
1474 1803 1559 1831 quem
1580 1793 1698 1821 Photius
1722 1793 1807 1830 legit,
1837 1788 2043 1830 μεταμορφώ-

362 1860 438 1879 σεων
460 1849 548 1877 libros
569 1859 654 1887 quam
666 1849 791 1878 maxima
807 1849 940 1878 videatur
961 1849 1155 1878 intercessisse
1177 1849 1340 1878 similitudo.
1373 1849 1441 1878 Jam
1460 1860 1528 1878 vero
1551 1861 1638 1888 quum
1652 1850 1808 1878 Lucianum
1830 1858 1932 1887 parum
1953 1848 2042 1876 latine

358 1906 477 1934 scivisse
492 1904 546 1943 3⁶),
576 1905 753 1944 Appulejum
775 1911 869 1934 autem
888 1906 949 1944 jam
977 1911 1042 1934 ante
1065 1916 1169 1934 annum
1198 1916 1226 1944 p.
1247 1905 1312 1934 Chr.
1333 1917 1360 1934 n.
1386 1911 1452 1939 160.
1493 1907 1616 1935 Athenis
1644 1907 1691 1934 vel
1720 1906 1831 1934 Romae
1860 1915 1926 1934 suos
1953 1905 2042 1933 libros

359 1962 509 2000 scripsisse
527 1962 707 2000 suspicentur
727 1963 781 1990 viri
804 1963 879 1991 docti
895 1961 932 2001 ³⁷)
954 1968 982 1991 et
1005 1973 1068 1991 cum
1089 1963 1215 1991 fabulam
1230 1962 1370 1991 Graecam
1393 1973 1423 1992 se
1446 1974 1590 2002 exponere
1611 1964 1690 1992 initio
1710 1963 1776 1991 libri
1794 1963 1838 1991 5111
1858 1962 1920 2000 ipse
1939 1961 2044 1989 dixerit

359 2019 524 2057 Appulejus
537 2017 594 2055 ³⁸):
624 2018 660 2046 ad
679 2018 782 2047 fontem
804 2019 947 2057 quendam
969 2019 1127 2054 Graecum,
1150 2029 1186 2047 ex
1208 2029 1264 2057 quo
1285 2019 1448 2058 Appulejus
1471 2024 1499 2049 et
1519 2021 1663 2049 Lucianus
1683 2019 1850 2054 hauserint,
1872 2019 2044 2047 reducimur.

359 2075 496 2112 Quamvis
526 2075 600 2103 enim
626 2075 790 2113 Appulejus
810 2076 960 2104 Platonica
988 2076 1129 2114 quaedam
1157 2076 1379 2105 intermiscuisse
1409 2077 1555 2112 videatur,
1587 2082 1619 2106 ut
1647 2076 1793 2114 egregiam
1821 2076 1856 2104 de
1880 2076 1987 2104 Amore
2015 2078 2044 2103 et

358 2132 474 2170 Psyche
496 2132 637 2167 fabulam,
670 2136 791 2171 apparet
812 2137 922 2167 tamen,
956 2132 1061 2161 librum
1082 2132 1225 2162 Graecum
1246 2143 1331 2172 quem
1352 2134 1481 2172 sequitur
1507 2144 1563 2162 non
1585 2134 1671 2162 fuisse
1691 2133 1812 2162 Luciani
1833 2132 1948 2170 qualem
1968 2142 2044 2160 nunc

358 2189 498 2218 habemus
519 2188 662 2223 libellum,
693 2189 746 2217 sed
767 2189 934 2227 ampliorem
956 2189 1216 2228 copiosioremque,
1248 2191 1363 2228 qualem
1385 2190 1467 2219 Lucii
1488 2191 1634 2219 Patrensis
1660 2190 1748 2218 fuisse
1768 2189 1888 2218 Photius
1915 2188 2053 2232 indicare3

358 2246 481 2274 videtur.
523 2245 642 2283 Itaque,
673 2245 728 2274 nisi
748 2246 830 2274 malis
852 2250 978 2274 statuere
1008 2256 1120 2275 omnem
1147 2247 1221 2275 hanc
1249 2247 1459 2285 quaestionem,
1492 2248 1569 2286 quod
1595 2247 1715 2276 Lucium
1743 2246 1926 2282 Patrensem,
1958 2254 2043 2284 quem

431 2388 481 2420 35)
500 2388 575 2412 Vitae
595 2387 774 2420 sophistarum.
806 2387 890 2413 Olear.
910 2396 968 2421 pag.
988 2391 1047 2415 556.
1066 2389 1094 2412 in
1112 2389 1167 2412 vita
1185 2389 1296 2414 Herodis
1314 2390 1403 2414 Attici.

431 2437 482 2469 56)
502 2437 576 2467 Quod
596 2437 669 2468 sequi
687 2437 788 2461 videtur
807 2445 839 2461 ex
858 2437 915 2462 loco
934 2445 980 2469 pro
999 2437 1073 2469 lapsu
1091 2438 1119 2461 in
1138 2438 1274 2463 salutando
1296 2443 1338 2466 13.

431 2486 482 2517 57)
501 2486 546 2510 cfr.
565 2486 636 2510 Bahr
654 2485 809 2510 Gesehiehte
829 2485 873 2510 der
891 2488 953 2510 rfim.
972 2485 1101 2509 Literatnr
1119 2488 1141 2516 5.
1161 2490 1212 2514 279
1232 2490 1258 2511 et
1276 2487 1385 2511 eundem
1403 2487 1486 2519 Pauly
1505 2485 1688 2518 Real-Encycl.
1707 2486 1727 2516 L
1747 2489 1806 2513 644.

431 2534 480 2566 58)
499 2534 641 2567 Appulejus
659 2534 706 2559 Ed.
724 2535 776 2567 bip.
797 2537 866 2562 1788
885 2543 909 2566 p.
929 2538 953 2562 4.
973 2534 1087 2558 fabulam
1106 2542 1226 2567 graecam
1245 2535 1390 2568 incipimus.

1733 2586 1751 2613 3
