2280 2777
971 160 1196 194 -8-

814 181 825 193 0

406 264 479 291 Nam
498 272 583 300 quum
602 265 630 288 et
643 261 672 289 id
687 260 793 298 ipsum,
815 260 891 297 quod
907 260 1049 289 Lucianus
1069 271 1115 289 res
1133 261 1201 289 istas
1216 261 1274 289 suis
1288 261 1376 289 oculis
1391 272 1422 290 se
1443 262 1548 291 vidisse
1564 263 1696 298 affirmat,
1720 265 1748 292 in
1765 265 1920 293 cavillatio-

246 330 310 349 nem
331 320 471 348 Herodoti
493 319 597 346 dictum
617 317 668 351 sit,
690 317 801 344 omnino
822 326 888 344 num
906 317 974 345 istas
992 317 1123 354 regiones
1141 318 1358 355 perlustraverit
1375 317 1499 346 dubitari
1519 324 1621 357 potest.
1662 320 1743 348 Idem
1767 321 1919 349 dicendum

244 377 358 405 videtur
379 377 414 404 de
436 376 549 408 itinere,
584 373 661 410 quod
683 373 711 400 in
732 373 805 401 libro
834 372 870 400 de
891 373 1045 401 Amol-ibus
1067 374 1201 402 Rhodum
1223 378 1250 402 et
1272 373 1393 402 Cnidum
1420 385 1482 402 eum
1505 375 1615 404 duobus
1637 377 1733 405 amicis
1755 383 1918 415 susceptum

244 437 349 461 narrat.
390 432 462 459 Nam
483 440 569 468 quum
590 429 626 457 de
648 429 750 457 amoris
772 429 925 467 generibus
948 430 1094 458 instituere
1115 431 1204 459 vellet
1224 431 1461 468 disputationem,
1484 431 1712 468 celeberrimum,
1735 434 1813 471 quod
1836 434 1919 462 Cnidi

245 493 321 523 erat,
350 488 469 515 Veneris
492 486 642 524 templum,
670 486 844 523 aptissimam
866 487 948 524 quasi
969 497 1082 515 scenam
1103 487 1277 525 praebebat,
1309 487 1358 515 ubi
1379 487 1519 516 ordiretur
1542 488 1682 527 dialogus.
1725 490 1758 518 In
1780 491 1917 528 Aegypto

244 555 310 573 num
332 544 496 572 adolescens
518 543 603 571 fuerit
624 543 785 577 Lucianus,
807 543 978 571 dubitamus.
1020 544 1064 571 De
1087 544 1179 572 Luctu
1202 544 1275 571 enim
1297 543 1415 577 librum,
1444 544 1493 571 ubi
1514 544 1697 583 Aegyptiaca
1719 557 1792 584 quae
1813 547 1918 575 viderit

244 605 340 629 narrat
374 599 459 638 (λέγω
483 599 512 629 δὲ
534 598 626 636 ἰδών,
647 599 697 637 21)
730 609 818 628 senex
839 600 952 637 scripsit
975 600 1127 628 Lucianus.
1169 600 1214 628 Ex
1241 600 1462 637 Pseudologista
1490 600 1562 638 (sive
1592 602 1780 641 Apophradc)
1813 608 1916 638 autem,

242 657 291 685 ubi
313 656 475 684 adversario
504 656 616 684 cuidam
642 656 806 694 turpissima
827 656 998 694 objiciuntur
1020 657 1130 684 scelera
1151 657 1179 684 in
1201 656 1378 690 Palaestina,
1400 657 1554 694 Aegypto,
1583 657 1737 687 Phoenicia
1761 660 1917 694 commissa,

241 713 312 741 falso
336 713 473 741 conclusit
494 712 671 741 WVetzlarius
694 714 733 751 (p.
751 715 786 744 54
806 713 895 750 nota),
917 713 1073 741 Lucianum
1095 713 1165 747 ista,
1187 723 1251 741 cum
1272 714 1333 750 ipsc
1356 713 1382 740 in
1405 714 1543 751 Aegypto
1564 720 1741 750 versaretur,
1764 717 1916 745 audivisse.

239 771 292 798 Est
312 780 384 798 unus
405 774 514 798 tantum
536 769 615 797 locus
638 770 895 808 (Pseudosophista
913 770 973 797 sive
991 769 1148 798 Soloecista
1165 769 1195 807 5)
1217 770 1267 798 ubi
1288 770 1519 808 grammaticum,
1542 780 1626 808 quem
1648 772 1709 809 ipse
1730 773 1758 800 iu
1779 773 1916 810 Aegypto

238 826 356 860 viderit,
379 822 560 865 (Σωκράτης
582 823 646 856 tino*
668 824 812 864 νῑῖόψου,
835 823 859 864 (ᾖ
881 821 1085 864 συνεγενόμην
1106 825 1137 855 ἔν
1160 822 1322 865 Αἰγύπτῳ)
1351 831 1498 855 memorat.
1542 827 1597 863 Qui
1625 828 1648 855 si
1669 838 1737 856 vere
1760 833 1802 857 est
1823 839 1915 866 gram-

239 883 373 917 maticus,
395 883 448 911 iter
468 882 540 910 illud
561 882 774 920 Aegyptiacum
797 881 994 917 concedimus3
1016 882 1068 910 sed
1089 886 1121 910 ut
1142 882 1170 910 in
1192 882 1350 912 Rhetorum
1368 888 1554 922 praeceptore
1573 885 1635 922 (17)
1657 884 1686 912 id
1708 894 1822 922 quoque
1844 886 1916 914 inter

241 940 431 968 absurditates
446 939 637 976 sophistarum
651 943 836 973 memoratur,
858 938 935 976 quod
949 939 985 967 ad
999 939 1168 976 scriptorum
1178 962 1184 974 ,
1209 940 1257 977 qui
1277 950 1421 978 nunquam
1436 941 1564 975 fuerant,
1584 941 1803 978 provocaverint
1821 947 1915 970 aucto-

239 996 366 1030 ritatem,
388 996 428 1024 ita
448 996 524 1024 idem
544 1005 596 1034 per
614 997 711 1034 jocum
723 996 879 1024 Lucianum
901 995 955 1024 hoe
976 996 1038 1024 loco
1060 996 1162 1024 fecisse
1184 997 1321 1025 credibile
1344 1002 1394 1025 cst.
1430 998 1468 1025 At
1486 1007 1549 1026 cum
1563 998 1632 1026 satis
1647 998 1807 1036 propinqua
1822 1003 1916 1026 essent

240 1052 396 1081 Samosatis
416 1053 471 1081 ista
492 1053 557 1081 loca
572 1057 599 1081 et
614 1052 757 1081 Lucianus
778 1052 853 1080 vitae
873 1062 941 1080 suae
960 1052 1136 1081 institutione
1158 1053 1195 1081 ad
1216 1054 1317 1082 itinera
1338 1053 1519 1091 suscipienda
1540 1054 1614 1082 ultro
1633 1054 1793 1090 duceretur,
1816 1065 1915 1083 conce-

237 1109 330 1137 dimus
352 1109 481 1147 quidem,
504 1110 568 1138 illas
590 1110 676 1138 urbes
697 1109 887 1147 regionesque
909 1109 945 1137 ab
968 1119 1001 1137 eo
1019 1109 1163 1144 visitatas,
1185 1110 1236 1138 sed
1259 1114 1387 1148 tempora
1402 1115 1429 1138 ct
1447 1120 1550 1145 annos,
1573 1111 1676 1148 quibus
1700 1111 1765 1139 illas
1786 1112 1913 1149 peregri-

237 1166 366 1194 nationes
387 1167 558 1204 suseeperit,
579 1167 665 1195 statui
687 1166 845 1203 iisdemque
867 1165 905 1194 ad
926 1166 1117 1204 disponendos
1139 1166 1254 1194 libellos
1277 1167 1347 1195 effici
1369 1167 1478 1204 aliquid
1499 1176 1584 1204 posse
1605 1177 1752 1205 negamus.

393 1223 511 1258 Restat,
532 1227 563 1251 ut
582 1233 617 1251 ex
641 1223 759 1251 Luciani
773 1223 847 1257 vita,
869 1232 943 1261 quae
957 1222 1099 1251 Gallicam
1116 1224 1365 1252 commorationem
1379 1228 1478 1251 secuta
1491 1223 1563 1258 sint,
1586 1223 1789 1253 describamus.
1822 1225 1913 1253 Nobis

233 1279 351 1317 quidem
372 1279 515 1308 Lueianus
537 1280 637 1309 relicta
657 1281 753 1309 Gallia
773 1281 919 1319 profectus
942 1289 1004 1308 esse
1034 1279 1149 1308 videtur
1169 1280 1304 1315 Romam,
1336 1280 1385 1309 ubi
1408 1280 1521 1318 Nigrini
1542 1279 1685 1309 Platonici
1707 1281 1913 1319 disputationes

234 1340 264 1364 et
284 1335 505 1365 familiaritatem
527 1347 591 1366 cum
611 1338 758 1366 rhetoricis
782 1342 967 1366 commutaret
995 1338 1112 1366 artibus.
1155 1337 1248 1366 Roma
1264 1342 1345 1365 ‘vero
1367 1342 1486 1375 propter
1506 1347 1616 1366 morum
1637 1337 1772 1376 vitaeque
1793 1339 1913 1377 turpitu—

234 1392 330 1421 dinem
351 1393 451 1422 relicta
471 1394 500 1422 in
514 1393 664 1423 Graeciam
686 1405 716 1424 se
738 1395 892 1429 convertit,
915 1395 964 1424 ubi
979 1399 1069 1424 totum
1090 1404 1120 1423 se
1143 1394 1224 1423 daret
1245 1394 1455 1432 philosophiae.
1492 1393 1572 1430 Quae
1594 1404 1681 1432 quum
1702 1394 1739 1422 ad
1762 1395 1913 1433 disponen-

234 1448 289 1478 dos
309 1450 424 1479 libellos
446 1450 502 1479 sint
522 1451 705 1489 gravissima,
737 1452 799 1490 ipse
819 1452 963 1480 Lucianus
985 1452 1062 1480 vitae
1084 1456 1272 1480 commutatae
1294 1461 1394 1480 causas
1418 1451 1502 1479 nobis
1530 1455 1649 1479 enarret.
1692 1451 1823 1486 „Relicta
1850 1456 1911 1480 arte

232 1507 376 1535 rhetorica
397 1507 438 1546 (in
459 1507 503 1536 bis
525 1518 583 1538 ace.
602 1512 640 1539 50
662 1518 699 1537 ss.
723 1518 817 1537 coram
834 1509 980 1547 judicibus
1003 1509 1083 1547 dicit)
1107 1519 1157 1537 cur
1177 1508 1213 1536 ad
1236 1508 1382 1545 dialogum
1404 1508 1433 1547 (i.
1452 1517 1475 1536 c.
1490 1508 1711 1546 philosophiam)
1732 1518 1777 1536 me
1795 1518 1912 1537 conver-

229 1563 328 1599 terim,
358 1564 454 1593 audite
472 1565 597 1602 judices.
639 1566 701 1603 Ego
723 1566 797 1594 enim
826 1566 975 1600 videbam,
1005 1566 1085 1594 illam
1111 1565 1243 1603 neglecta
1268 1565 1463 1593 moderatione
1490 1564 1639 1593 decentem
1668 1565 1752 1593 etiam
1782 1565 1911 1593 habitum

232 1620 400 1658 reliquisse,
422 1631 479 1659 quo
500 1621 700 1650 Demosthenis
722 1627 816 1651 aetate
838 1623 1001 1651 incesserat.
1043 1622 1134 1651 Ornat
1155 1622 1229 1650 enim
1249 1631 1312 1650 sese
1328 1622 1446 1660 jamjam
1467 1621 1609 1650 rhetorica
1630 1626 1658 1650 et
1680 1621 1800 1659 capillos
1821 1631 1910 1650 mere-

230 1677 312 1706 tricio
333 1687 410 1706 more
432 1678 567 1717 disponit.
609 1679 683 1707 Mihi
704 1689 786 1714 vem,
818 1680 929 1708 etiamsi
955 1680 1025 1708 nihil
1054 1679 1192 1718 ejusmodi
1219 1679 1255 1708 ab
1286 1688 1320 1707 ea
1344 1683 1494 1716 peccatum
1520 1678 1635 1712 fuisset,
1666 1678 1753 1706 licere
1775 1678 1910 1713 debebat,

229 1739 261 1762 ut
279 1736 471 1773 quadraginta
493 1745 630 1764 annorum
651 1735 726 1771 viro,
760 1747 777 1764 a
804 1737 972 1765 tumultibus
993 1737 1050 1765 illis
1073 1741 1100 1764 et
1122 1736 1220 1765 litibus
1241 1736 1389 1764 discedere
1415 1735 1565 1773 missisque
1587 1739 1771 1772 tyrannorum
1792 1745 1906 1764 accusa-

230 1791 353 1820 tionibus
381 1796 409 1820 et
429 1792 562 1821 laudibus
589 1793 715 1821 virorum
743 1793 855 1834 {ortium
883 1794 910 1821 in
932 1793 1118 1822 Academiam
1141 1798 1169 1822 et
1190 1793 1318 1831 Lyceum
1338 1792 1540 1830 transmigrare
1561 1792 1731 1830 placideque
1752 1791 1792 1820 ibi
1814 1791 1909 1830 dispu-

229 1852 316 1876 tare.“
358 1849 466 1877 Eadem
488 1849 547 1877 fere
568 1850 685 1887 protulit
705 1850 848 1879 Lucianus
870 1850 897 1878 iu
919 1850 1066 1879 Piscator-e
1088 1851 1151 1890 (scu
1172 1850 1261 1878 reviv.
1286 1853 1332 1881 25.
1350 1849 1409 1887 29.)
1431 1849 1480 1877 ubi
1501 1849 1682 1887 perspexisse
1704 1857 1734 1876 se
1756 1848 1804 1883 ait,
1825 1849 1911 1877 mole-

229 1904 366 1933 stissimas
389 1910 416 1933 et
436 1906 547 1934 homine
568 1906 680 1935 liberali
707 1906 917 1945 indignissimas
940 1917 984 1935 res
1007 1917 1070 1936 cum
1091 1907 1297 1936 causidicorum
1318 1906 1426 1934 ratione
1453 1905 1617 1943 conjunctas
1639 1914 1717 1940 esse,
1744 1910 1776 1933 ut
1795 1905 1911 1934 menda-

227 1962 280 1995 cia,
302 1962 453 1997 clamores,
482 1963 704 1992 conflictationes
725 1968 777 1992 etc.
798 1981 838 1984 —
858 1964 997 2001 refugisse
1026 1964 1113 2002 igitur
1141 1974 1171 1992 se
1194 1964 1229 1991 ab
1251 1963 1313 1992 istis
1334 1963 1420 1991 rebus
1441 1962 1621 1999 animumque
1643 1961 1680 1990 ad
1701 1962 1910 2000 philosophiam

227 2018 375 2054 direxisse,
399 2020 477 2058 eujus
492 2030 591 2048 sereno
606 2021 687 2058 quasi
702 2025 784 2058 portu
798 2025 839 2049 tot
852 2021 986 2059 procellis
1001 2021 1125 2058 agitatus
1142 2021 1364 2059 conquiesceret.
1396 2019 1478 2047 Idem
1492 2019 1520 2047 in
1534 2019 1710 2047 Hermotimo
1731 2020 1771 2058 (2.
1786 2023 1832 2050 15.
1848 2019 1910 2057 24.)

227 2075 264 2103 de
284 2085 315 2103 se
336 2075 462 2114 quuitur
483 2081 514 2105 ut
535 2078 727 2115 quadrayinta
749 2087 884 2106 annorum
906 2077 1025 2112 homine,
1048 2078 1097 2115 qui
1111 2077 1306 2116 philosophiae
1328 2076 1401 2105 serio
1423 2076 1492 2104 dare
1514 2086 1544 2104 se
1562 2075 1646 2111 velit3
1665 2075 1726 2113 jam
1747 2075 1909 2113 quindecim

229 2132 309 2160 annis
332 2138 396 2161 ante
417 2133 453 2162 ab
475 2134 584 2162 seniore
605 2135 667 2162 viro
690 2135 787 2173 (quem
808 2134 958 2172 Nigrinum
979 2134 1065 2163 fuisse
1088 2134 1264 2163 lVetzlarius
1285 2134 1458 2172 suspicatur)
1485 2133 1539 2161 sibi
1561 2132 1699 2171 ejusmodi
1720 2132 1815 2161 studia
1836 2142 1908 2161 com-

228 2189 361 2218 mendata
382 2189 481 2225 fuisse,
513 2191 557 2219 cui
578 2195 696 2230 propter
716 2191 892 2220 inscientiam
912 2201 1018 2219 morem
1039 2201 1094 2219 non
1116 2192 1245 2229 gesserit.
1287 2191 1465 2219 Athenarum
1486 2199 1554 2218 vero
1574 2189 1674 2218 urbem
1695 2193 1727 2218 ut
1748 2188 1907 2227 antiquissi-

228 2255 303 2273 mam
324 2247 608 2286 augustissimamquc
631 2248 732 2277 artium
753 2248 914 2277 liberalium
934 2248 1031 2276 sedem
1053 2249 1174 2286 elegisse
1195 2249 1250 2278 sibi
1268 2248 1440 2281 Lucianum,
1463 2251 1496 2275 ut
1516 2256 1552 2275 ex
1571 2246 1699 2284 Nigrino,
1722 2245 1771 2274 ubi
1791 2245 1907 2274 summis

228 2302 302 2330 hauc
323 2302 422 2332 urbem
444 2304 525 2332 affert
546 2304 688 2340 laudibus,
711 2305 751 2334 ita
772 2315 807 2333 ex
821 2306 997 2335 Demonacte
1018 2306 1236 2340 demonstratur,
1258 2305 1307 2334 ubi
1329 2305 1402 2344 (11.)
1423 2303 1593 2333 Atheniessssi
1612 2303 1655 2331 ilfi
1672 2302 1841 2341 ΡῙΙῙῙΟΒΟΡῙιο
1855 2311 1907 2339 per

226 2358 378 2396 plurimum
399 2364 510 2399 tempus
532 2361 692 2390 interfuisse
713 2372 744 2391 se
764 2367 870 2391 narrat.
912 2363 1054 2391 Lucianus
1077 2373 1141 2391 cum
1163 2373 1199 2391 ex
1221 2366 1282 2390 arte
1301 2361 1442 2390 rhetorica
1461 2361 1531 2390 satis
1552 2359 1714 2388 divitiarum
1735 2358 1789 2387 sibi
1810 2358 1907 2387 videa-

226 2419 273 2443 tur
301 2425 493 2454 comparasse,
524 2418 552 2446 in
580 2418 709 2456 legendis
736 2423 864 2448 veterum
892 2420 1124 2458 philosophorum
1151 2419 1398 2457 recentiorumque
1425 2417 1594 2455 scriptorum
1614 2415 1695 2444 libris
1716 2415 1774 2443 otio
1796 2415 1905 2443 versari

227 2471 328 2509 potuit.
369 2472 430 2501 Nec
451 2477 544 2503 tamen
566 2475 677 2503 omnino
697 2476 881 2505 intermisisse
902 2476 1016 2505 videtur
1037 2476 1218 2506 recitationes
1238 2476 1308 2505 istas
1328 2476 1357 2504 in
1378 2474 1496 2504 urbibus
1516 2473 1655 2502 Graeciae
1677 2471 1839 2508 habendas,
1869 2480 1905 2499 ne

225 2528 308 2557 nimis
328 2533 437 2558 mature
459 2530 494 2558 de
516 2531 623 2568 gloriae
645 2532 721 2570 apud
743 2533 877 2571 aequales
899 2538 1080 2572 comparatae
1101 2533 1272 2572 dejiceretur
1293 2531 1487 2570 amplitudine.
1510 2546 1549 2550 —
