2280 2777
1052 161 1343 218 .—29-

363 263 490 293 omnium
509 273 605 292 rerum
624 262 805 292 moderatore
826 262 1004 300 gravissimis
1024 262 1185 291 refutantur
1206 263 1382 300 argumentis
1403 273 1421 293 a
1442 263 1566 301 Cyniseo
1587 263 1765 302 philosopho,
1787 263 1837 302 qui
1859 273 1923 292 cum
1942 272 1979 292 ex
1999 263 2062 292 Ho-

361 319 433 349 meri
454 319 491 348 de
511 318 571 348 fato
591 319 750 357 Pareisque
772 319 920 348 sententiis
941 318 1026 347 Jovis
1046 322 1218 356 potestatem
1239 320 1352 348 omnino
1380 319 1490 348 nullam
1517 329 1579 348 esse
1601 319 1793 354 demonstrat,
1821 323 1882 348 tum
1904 319 1989 348 etiam
2010 319 2062 348 fati

363 380 393 405 et
404 376 562 404 Parcarum
581 380 710 404 mutuam
731 375 789 404 vim
810 385 844 404 ac
857 375 998 404 rationem
1024 379 1103 403 recte
1125 375 1245 413 cogitari
1271 385 1356 413 posse
1377 380 1473 414 negat.
1514 375 1649 405 Vincitur
1670 376 1801 405 acerrimi
1821 376 1985 414 philosophi
2006 376 2062 404 dis-

362 431 559 470 putationibus
577 431 694 470 Jupiter
714 441 768 460 nec
788 432 890 467 habet,
920 432 1024 470 quibus
1045 431 1203 469 redarguat
1225 436 1395 469 argumenta
1417 432 1548 469 Cynisci,
1579 433 1628 470 qui
1648 442 1742 471 neque
1763 442 1826 462 esse
1847 442 1942 461 rerum
1963 432 2063 461 huma-

362 498 464 517 narum
483 488 720 523 moderationem,
743 499 796 517 nec
816 488 918 517 beatos
940 497 1002 516 esse
1023 487 1116 522 Deos,
1137 497 1191 516 nee
1212 487 1358 516 sacrifieiis
1378 488 1572 526 precibusque
1594 489 1743 524 colendos,
1771 499 1825 517 nee
1845 499 1953 528 poenas
1973 498 2062 527 posse

361 549 412 574 aut
432 544 561 583 praemia
581 548 648 583 post
668 549 790 573 mortem
811 545 972 573 hominibus
992 544 1098 579 tribui,
1121 544 1255 582 quoniam
1275 544 1434 572 Parcarum
1454 544 1483 572 vi
1504 545 1598 573 omnia
1619 550 1742 583 agantur
1762 555 1816 574 nec
1837 546 1875 574 sit
1895 545 2008 574 omnino
2028 545 2062 573 li-

362 600 434 629 bera
453 601 611 629 voluntatis
631 601 773 630 humanae
795 602 877 636 actio,
898 600 1082 639 probaverat.
1124 600 1226 638 Itaque
1248 600 1360 638 tragico
1385 600 1473 629 modo
1503 601 1632 638 queritur
1654 601 1815 630 confutatus
1835 601 1966 640 Jupiter,
1994 602 2061 640 (Ju-

356 658 435 695 piter
454 658 619 696 tragoedus)
646 658 673 686 in
697 662 856 686 extremum
879 657 942 695 jam
969 657 1109 686 adductas
1131 666 1195 686 esse
1216 657 1342 685 Deorum
1370 666 1426 685 res.
1469 656 1551 693 Quae
1577 657 1617 685 ita
1645 667 1707 686 esse
1729 663 1761 686 ut
1782 658 1837 687 sibi
1857 658 2061 696 persuadeant,

360 714 439 742 Deos
465 713 582 752 Jupiter
610 714 832 752 disputationem
860 724 878 742 a
898 713 1022 742 Damide
1048 713 1191 752 Epicureo
1221 718 1321 742 eontra
1349 712 1478 741 Stoicum
1504 713 1661 742 Timoelem
1688 714 1815 743 habitam
1843 715 1942 743 audire
1965 714 2060 752 jubet.

359 771 464 809 Itaque
486 771 645 809 suspiciunt
666 771 702 799 de
724 771 806 799 coelo
828 769 958 809 Olympii
978 770 1095 808 suisque
1118 770 1235 799 auribus
1257 770 1339 808 quasi
1360 769 1538 808 percipiunt,
1562 770 1660 808 inepta
1681 775 1709 799 et
1731 770 1857 799 absurda
1879 780 1950 805 esse,
1975 780 2061 809 quae-

361 837 474 866 cunque
504 828 540 856 de
558 827 688 856 Deorum
716 827 898 865 providentia
925 826 980 855 sibi
1000 826 1198 864 persuaserint
1218 826 1357 855 homines.
1399 827 1580 864 Argumenta
1599 827 1730 855 Damidis
1759 832 1819 856 tam
1839 831 1905 855 sunt
1927 831 2012 856 acuta
2033 831 2062 856 et

361 883 493 919 subtilia,
522 884 650 913 Deorum
671 888 766 912 autem
787 883 967 912 defensiones
988 887 1047 911 tam
1073 883 1153 911 leves
1181 887 1209 912 et
1234 883 1345 918 futiles,
1374 887 1407 911 ut
1433 883 1462 910 in
1483 886 1611 910 extremo
1640 887 1668 911 et
1689 883 1849 912 tristissimo
1871 883 1974 911 solatio
1997 893 2061 912 con-

360 941 512 979 quiescens
532 940 649 979 Jupiter
671 950 735 968 cum
753 940 817 968 Diis
839 939 912 968 illud
933 949 1021 967 unum
1042 944 1154 978 speret,
1175 939 1236 968 fore
1258 944 1290 968 ut
1311 940 1340 967 in
1360 939 1440 968 faece
1461 938 1564 967 saltem
1584 939 1666 977 vulgi
1688 944 1715 968 et
1737 940 1810 968 inter
1830 939 1970 968 barbaras
1991 949 2060 977 gen-

360 1002 405 1027 tes
426 1001 593 1026 remaneant
612 996 756 1031 nonnulli,
780 996 829 1034 qui
850 996 920 1034 ipsis
941 1000 1044 1033 postea
1066 998 1151 1024 etiam
1173 996 1294 1024 honores
1315 996 1371 1024 sint
1392 995 1536 1024 tributuri.

521 1052 685 1091 Augurium
707 1061 775 1080 sane
796 1052 825 1080 in
846 1052 901 1081 hoc
921 1052 1020 1081 libello
1041 1052 1228 1090 conspexeris
1249 1052 1416 1081 interiturae
1438 1061 1505 1080 mox
1526 1051 1677 1080 universae
1699 1051 1908 1090 superstitionis
1928 1052 2058 1082 Graecae

360 1120 394 1139 ae
413 1110 572 1144 Romanae,
597 1119 686 1147 quare
707 1109 821 1137 fuerunt
837 1109 908 1147 jam,
932 1109 982 1147 qui
1000 1108 1159 1137 Lueianum
1177 1109 1351 1147 Apologetis
1366 1108 1404 1146 ⁵⁵)
1427 1108 1588 1137 christianis
1611 1108 1810 1137 ascribendum
1831 1118 1894 1137 esse
1916 1113 2060 1147 putarent.

360 1167 402 1196 At
423 1171 592 1204 argumenta
614 1170 712 1194 contra
734 1165 860 1193 divinam
887 1175 982 1194 rerum
1010 1165 1198 1194 humanarum
1226 1165 1501 1193 administrationem
1523 1164 1636 1203 prolata
1658 1175 1722 1192 cum
1743 1175 1856 1194 onmem
1872 1166 1928 1194 Dei
1952 1166 2060 1194 cultum

359 1227 491 1251 evertant
513 1227 541 1251 et
563 1233 628 1251 eum
641 1222 787 1250 Lucianus
808 1222 846 1250 ad
868 1231 968 1250 sensus
989 1222 1052 1260 pios
1073 1226 1190 1260 torpens
1211 1221 1282 1250 nihil
1303 1221 1415 1250 omnino
1434 1221 1470 1249 de
1488 1221 1576 1249 rebus
1594 1220 1697 1249 divinis
1718 1220 1900 1256 credendum,
1925 1232 1979 1251 nee
1997 1232 2060 1251 esse

360 1279 478 1317 aliquod
498 1289 604 1308 numen
624 1278 886 1316 praestantissimae
908 1278 1024 1313 mentis,
1054 1287 1106 1306 nee
1129 1278 1238 1307 animos
1259 1278 1433 1306 immortales
1456 1287 1518 1306 esse
1540 1277 1594 1306 sibi
1615 1278 1806 1315 persuaserim
1839 1278 1877 1307 ad
1897 1288 1958 1307 rem
1980 1278 2060 1307 Chri-

359 1336 482 1364 stianam
502 1339 614 1364 tantum
635 1335 736 1363 aberat
756 1339 788 1363 ut
809 1334 1176 1372 praepararet-legentium
1197 1335 1314 1369 animos,
1337 1339 1368 1363 ut
1389 1335 1527 1372 pietatem
1547 1343 1716 1372 omnemque
1731 1334 1868 1363 beatioris
1880 1335 1958 1363 vitae
1979 1344 2061 1373 spem

359 1392 483 1421 tolleret.
527 1391 638 1428 Quibus
659 1391 683 1419 si
705 1391 855 1429 adjeceris,
879 1400 952 1428 quae
974 1391 1003 1419 in
1024 1391 1131 1419 libellis
1152 1392 1188 1420 de
1209 1392 1356 1430 sacr-{ficiis
1379 1396 1406 1419 et
1429 1392 1463 1419 de
1483 1393 1559 1419 luctu
1580 1390 1694 1428 scripsit
1715 1390 1875 1426 Lucianus,
1897 1391 2062 1420 universam

357 1448 420 1486 ejus
441 1448 478 1476 de
497 1448 585 1477 rebus
605 1447 737 1476 humanis
759 1447 921 1485 divinisque
943 1447 1113 1476 sententiam
1134 1447 1269 1476 facillime
1290 1447 1491 1486 perspexeris,
1517 1456 1592 1485 quae
1613 1447 1706 1475 omnia
1726 1452 1785 1476 tam
1800 1451 1866 1476 sunt
1883 1451 1958 1476 tetra
1974 1452 2003 1476 et
2020 1464 2061 1468 —

357 1504 492 1543 quoniam
513 1505 598 1533 homo
618 1504 675 1532 Dei
695 1509 774 1532 metu
796 1508 824 1532 et
845 1513 942 1532 amore
964 1503 1079 1542 abjecto
1100 1503 1197 1532 nullus
1215 1505 1276 1542 jam
1298 1508 1341 1533 est
1361 1503 1446 1532 homo
1467 1520 1505 1524 —
1526 1508 1585 1532 tam
1604 1503 1766 1538 inhumana,
1789 1508 1822 1532 ut
1842 1513 1952 1532 summo
1974 1504 2060 1533 animi

357 1560 457 1590 dolore
479 1560 627 1595 afficiaris,
650 1560 723 1589 tanti
743 1560 851 1598 ingenii
872 1560 965 1589 virum
989 1560 1025 1588 de
1047 1560 1164 1589 summis
1185 1561 1214 1588 in
1235 1560 1420 1598 philosophia
1440 1560 1526 1588 rebus
1548 1564 1607 1588 tam
1628 1570 1720 1598 prava
1741 1564 1769 1588 et
1790 1559 1905 1598 abjecta
1925 1560 2059 1589 sensisse.

357 1617 392 1646 In
413 1622 536 1655 utroque
558 1617 666 1651 libello,
690 1626 761 1654 quos
783 1617 813 1644 in
834 1617 972 1654 Aegypto
994 1617 1116 1655 scriptos
1137 1617 1277 1655 suspicari
1298 1617 1374 1652 lieet,
1399 1617 1533 1654 quoniam
1553 1616 1678 1654 plurima
1699 1616 1734 1644 de
1755 1617 1882 1645 moribus
1899 1616 2060 1655 Aegy-ptio-

357 1684 422 1703 rum
442 1673 641 1712 proferuntur,
672 1673 720 1712 (de
742 1673 821 1701 luctu
839 1677 886 1704 21.
909 1672 1002 1702 sacrif.
1023 1673 1084 1711 14.)
1112 1683 1200 1702 sanae
1227 1673 1344 1711 quidem
1365 1673 1467 1701 mentis
1493 1674 1560 1711 jura
1581 1672 1708 1701 defendit
1728 1673 1873 1702 Lucianus
1894 1677 1995 1702 eontra
2015 1683 2060 1702 su—

358 1730 541 1768 perstitiones
564 1739 669 1764 eorum,
692 1729 741 1767 qui
763 1729 908 1758 sacrificiis
922 1729 1051 1758 Deorum
1072 1730 1195 1767 gratiani
1217 1730 1271 1758 sibi
1293 1729 1445 1758 conciliare
1461 1729 1552 1758 velint
1574 1734 1604 1758 et
1624 1733 1722 1758 contra
1742 1739 1831 1757 vanas
1848 1729 1919 1758 istas
1933 1729 1969 1758 de
1983 1728 2060 1758 Orco

356 1787 506 1825 opiniones
528 1786 700 1824 ineptosque
722 1786 794 1814 ritus
815 1785 964 1821 funebres3
997 1790 1027 1814 at
1054 1785 1094 1814 ita
1114 1785 1189 1814 ridet
1210 1786 1354 1815 Lucianus
1376 1786 1521 1814 hominum
1542 1786 1690 1824 opiniones
1713 1790 1741 1814 et
1763 1785 1998 1821 consuetudines,
2029 1791 2062 1815 ut

428 1893 478 1924 55)
497 1892 611 1922 Quorum
629 1891 711 1916 libros
728 1891 874 1924 perlegenti
893 1891 957 1915 mihi
976 1891 1003 1915 id
1022 1891 1134 1915 maxime
1151 1892 1236 1915 visum
1254 1891 1434 1921 memorabile,
1464 1891 1532 1923 quod
1558 1892 1584 1915 in
1603 1896 1674 1915 tanto
1701 1899 1784 1916 rerum
1803 1897 1828 1916 et
1848 1895 2058 1924 argumentorum

499 1947 628 1964 consensu
645 1943 699 1963 tam
716 1947 800 1971 pauca
819 1943 964 1970 occummt,
984 1947 1049 1971 quae
1069 1947 1102 1963 ex
1119 1939 1235 1964 Luciano
1255 1940 1393 1964 smnserint
1411 1940 1579 1972 Apologetae.
1616 1940 1651 1964 At
1668 1939 1804 1970 nolebant,
1824 1940 1909 1971 credo,
1928 1949 1986 1965 eum
2005 1941 2060 1965 suis

498 1988 575 2013 rebus
594 1996 743 2012 succurrere
760 1989 867 2019 socium,
886 1988 930 2020 qui
948 1988 1020 2020 ipsas
1031 1987 1236 2013 Christianorum
1254 1996 1296 2013 res
1312 1989 1481 2013 acerbissime
1499 1989 1600 2013 riserat.
1637 1989 1759 2012 Attamen
1771 1988 1882 2013 Tatiano
1899 1989 1982 2013 multa
2001 1996 2061 2013 sunt

500 2045 558 2062 enm
577 2037 693 2061 Luciano
713 2037 866 2061 communia.
905 2037 956 2066 Qui
974 2040 1003 2060 ut
1020 2036 1047 2060 in
1066 2036 1228 2069 philosophis
1246 2037 1451 2070 perstringendis
1469 2037 1562 2061 mirum
1581 2038 1607 2060 in
1626 2037 1730 2061 modum
1747 2045 1805 2061 eum
1817 2037 1933 2061 Lueiano
1953 2045 2061 2062 consen-

501 2086 541 2116 tit,
560 2086 597 2109 ita
615 2086 694 2109 etiam
712 2086 739 2109 in
759 2085 874 2109 oratione
895 2090 985 2109 eontra
1003 2085 1117 2110 Graecos
1133 2089 1157 2113 8.
1176 2086 1252 2111 «Iovis
1273 2087 1365 2110 summi
1384 2086 1528 2118 potentiam
1546 2086 1592 2109 fati
1612 2086 1639 2109 vi
1657 2086 1796 2110 coercitam
1814 2085 1895 2115 ridet;
1919 2090 1945 2110 et
1963 2089 1991 2110 ut
2009 2086 2059 2110 Lu-

499 2134 590 2158 cianus
615 2134 646 2158 de
666 2134 752 2158 sacrif.
772 2137 795 2161 1.
810 2137 834 2160 2.
859 2131 890 2158 τό
916 2134 994 2158 θεῖον
1019 2131 1175 2166 ἀνθρώπων
1193 2132 1241 2160 οὐκ
1260 2132 1346 2160 ἐνδεὲς
1364 2134 1434 2159 εἶναι
1459 2134 1572 2164 dixerat,
1598 2135 1635 2158 ita
1653 2134 1778 2158 Tatianus
1797 2123 1858 2166 Cap.
1877 2138 1900 2162 7.
1920 2131 1968 2158 τόν
1986 2132 2060 2159 πείν-

500 2192 555 2207 των
574 2179 687 2214 α’νειδεῆ
705 2180 772 2207 θεὸν
792 2182 928 2206 sacrificiis
947 2190 1000 2206 uon
1019 2183 1136 2215 indigere
1155 2184 1253 2208 statuit.
1291 2183 1325 2207 At
1345 2183 1441 2207 similia
1462 2183 1516 2214 jam
1542 2183 1643 2207 dixerat
1660 2183 1780 2207 Justinus
1799 2183 1875 2215 Apol.
1887 2183 1908 2213 I,
1922 2187 1963 2210 10.
1983 2191 2059 2215 quem

498 2231 576 2255 etiam
599 2232 715 2262 sequitur
734 2231 862 2262 Athenag.
882 2231 961 2263 legat.
982 2234 1024 2258 13.
1044 2245 1077 2249 —
1097 2231 1256 2263 Ganymedis
1281 2231 1365 2256 officia
1384 2231 1500 2255 ridentur
1524 2231 1602 2255 etiam
1619 2231 1712 2255 Minut-
1729 2231 1812 2255 Felix.
1831 2231 1922 2255 Oetav.
1938 2235 1980 2258 22.
2018 2231 2058 2254 In-

498 2287 631 2303 numeram
642 2279 756 2303 Deorum
774 2278 967 2303 multitudinem
986 2279 1205 2312 exprobraverunt
1224 2281 1302 2304 etiam
1314 2280 1436 2304 ,Iustinus
1454 2279 1529 2311 Apol.
1543 2279 1562 2309 1,
1577 2283 1618 2306 21.
1638 2279 1731 2303 Minut.
1750 2279 1826 2303 Felix
1838 2283 1880 2306 22.
1899 2280 2001 2304 Tatian.
2016 2284 2058 2307 10.

497 2327 591 2351 Athen.
608 2331 651 2354 21.
687 2327 840 2352 Audiendus
859 2332 953 2358 tamen,
972 2328 1074 2352 en'amsi
1092 2328 1195 2360 probari
1214 2336 1265 2352 non
1284 2332 1377 2361 potest,
1397 2336 1429 2352 ex
1449 2328 1558 2352 Luciani
1577 2327 1676 2352 libellis
1696 2331 1785 2352 contra
1803 2328 1906 2353 fabulas
1925 2332 1951 2352 et
1970 2336 2057 2360 super-

498 2375 617 2400 stitiones
642 2384 750 2408 graecas
774 2380 928 2408 argumenta
949 2377 1101 2409 repetivisse
1120 2376 1294 2409 Apologetas,
1317 2377 1451 2401 Johannes
1470 2376 1610 2406 Miillerus,
1636 2377 1681 2408 qui
1697 2376 1769 2408 Aug.
1788 2376 1949 2408 Weltgesch.
1963 2377 1982 2406 1,
1996 2380 2058 2404 460.

496 2423 566 2448 haud
584 2424 685 2456 inepte:
704 2425 786 2455 Viele,
806 2425 847 2449 die
867 2425 912 2449 des
932 2425 1139 2450 Christenthums
1151 2425 1249 2449 Feinde
1267 2433 1300 2449 zu
1319 2425 1374 2449 sein
1393 2425 1526 2456 glaubten,
1544 2425 1631 2449 haben
1650 2425 1698 2449 auf
1713 2425 1802 2449 seinen
1820 2425 1888 2449 Plan
1905 2425 2059 2457 gearbeitet.

496 2472 615 2496 Absurde
641 2476 727 2497 autem
745 2473 889 2498 Lucia-num
914 2481 947 2498 ex
964 2474 1070 2498 Justino
1093 2473 1218 2498 nonnulla
1241 2473 1365 2498 sumsisse
1391 2473 1537 2505 suspicatur
1555 2473 1668 2497 Kestner
1685 2473 1777 2506 Agape
1797 2473 1822 2498 S.
1838 2476 1889 2502 548
1909 2477 1934 2498 et
1953 2474 2058 2497 Tatiani

499 2519 575 2545 lectis
594 2521 668 2546 libris
687 2521 830 2546 Lucianum
848 2522 926 2547 rebus
945 2522 1149 2547 Christianorum
1169 2523 1317 2547 amiciorem
1336 2522 1432 2547 factum
1452 2529 1508 2546 esse
1528 2521 1554 2546 S.
1567 2525 1628 2549 504.
1642 2525 1702 2549 510.
