2280 2777
1060 163 1287 197 -7-

335 263 424 292 senda
444 263 594 292 adductus.
637 263 700 292 Non
721 263 794 292 enim
817 263 959 302 lapidum,
986 268 1018 293 ut
1039 263 1078 293 ait
1100 264 1281 302 Zwingerus,
1303 265 1355 293 sed
1372 266 1526 294 animorum
1542 264 1691 294 scabrities
1706 264 1732 293 ei
1751 269 1813 294 erat
1827 265 2015 303 perpolienda

335 324 378 354 et,
410 323 441 349 ut
461 320 523 358 ipse
546 320 662 358 egregie
686 320 772 355 dixit,
805 320 913 359 (Somn.
936 320 984 358 15)
1012 320 1182 358 Triptolemi
1205 321 1293 349 instar
1315 322 1423 350 semina
1444 321 1610 350 eruditionis
1632 321 1738 360 ubique
1758 325 1898 350 terrarum
1920 321 2013 350 voluit

334 386 480 414 spargere.
524 377 626 415 Itaque
648 377 676 405 in
695 376 810 405 ι1011111111
831 377 975 415 profectus
1006 381 1062 411 est,
1097 377 1147 405 ubi
1178 377 1294 406 barbari
1327 378 1472 406 etiamtum
1494 378 1630 406 sermonis
1658 387 1787 416 asperam
1814 382 1843 407 et
1863 378 2008 407 horridam

336 433 488 461 dictionem
510 433 669 462 Atticorum
691 443 763 471 pura
791 438 819 462 et
845 434 1010 472 incorrupta
1032 433 1237 462 consuetudine
1260 434 1432 462 emendaret.
1476 433 1539 470 Qua
1567 434 1594 462 in
1624 434 1725 463 ι1011138
1752 434 1824 463 urbe
1851 434 2013 473 quibusque

336 490 573 528 praeceptoribus
596 489 723 518 eruditus
745 490 795 525 sit,
817 490 999 528 ignoramus.'
1017 490 1057 519 At
1070 490 1144 518 bene
1155 489 1330 518 WVetzlarius
1344 490 1381 528 ²¹)
1405 489 1556 527 Smyrnam
1569 490 1615 518 vel
1628 491 1773 529 Ephesum
1787 491 1947 530 suspicatus
1961 494 2014 526 est,

335 556 394 583 quo
416 546 542 584 undique
561 547 732 575 confluxisse
753 547 880 575 homines
892 547 1038 575 literarum
1061 547 1205 576 studiosos
1226 546 1419 575 Philostratus
1435 551 1564 575 testatur.
1597 546 1663 575 Jam
1678 547 1746 585 quid
1758 548 1787 576 in
1799 552 1860 576 arte
1871 547 2015 576 rhetorica

335 603 501 640 profecerit,
524 603 573 632 ubi
596 613 695 631 causas
719 603 810 641 egerit
828 613 1036 642 causarumque
1059 603 1236 642 agendarum
1253 603 1389 641 magister
1405 603 1559 637 exstiterit,
1582 603 1617 631 ab
1635 604 1695 642 ipso
1710 604 1866 633 audiamus.
1900 604 1934 633 In
1955 604 2014 633 dia-

336 659 417 697 logo,
439 660 487 697 qui
510 660 673 688 inscribitur
696 660 740 687 bis
762 664 926 695 accusatus,
948 660 1107 689 Rhetorica
1128 660 1168 688 ita
1188 660 1248 688 fere
1271 661 1346 699 (cap.
1363 663 1409 691 27.
1427 659 1477 697 28)
1494 659 1633 697 loquitur:
1672 670 1742 698 „ego
1766 661 1841 689 hunc
1862 660 2015 690 admodum

336 715 560 751 adolescentem,
595 716 693 754 lingua
715 716 882 751 barbarum,
912 717 988 745 circa
1010 716 1126 745 ,Ioniam
1146 716 1328 745 oberrantem
1351 716 1474 750 institui,
1509 715 1661 753 multisque
1683 717 1856 746 orationibus
1886 717 2014 755 adjutum

334 772 425 800 civem
447 772 500 801 feci
521 777 549 801 et
570 773 695 801 nobilem
717 772 915 811 celebremque
936 773 1064 809 reddidi;
1088 773 1116 801 in
1136 772 1260 802 Graecia
1282 772 1398 811 quidem
1420 777 1447 801 et
1467 771 1554 801 Jonia
1572 772 1751 802 mediocriter
1769 774 1864 803 floruit
1885 770 1939 813 (τοῖ
1959 773 2016 810 μὲν

334 828 386 858 ἔπῖ
405 830 460 864 τῆς
483 826 633 863 Ἑλλάδος
654 830 706 859 καὶ
726 827 845 863 Ἰωνίας
864 829 992 870 μέτρια,
1021 830 1089 868 27)3
1124 840 1212 868 quum
1233 839 1302 858 vero
1322 829 1411 858 vellet
1432 829 1460 857 in
1482 828 1593 857 Italiam
1615 838 1646 857 se
1670 830 1810 865 conferre,
1842 829 1958 859 Jonium
1978 829 2015 859 si—

334 895 401 914 num
424 896 487 914 cum
507 895 540 914 eo
562 886 675 924 trajeci;
707 885 829 924 denique
852 885 916 924 (καῖ
937 883 978 915 tu*
999 887 1168 925 τελευταῖα)
1190 887 1218 914 111
1236 886 1373 915 Celticam
1394 895 1485 924 usque
1506 885 1631 913 Galliam
1653 896 1715 914 cum
1737 896 1769 915 eo
1790 886 1917 925 profecta
1933 886 2013 915 illum

335 941 537 980 locupletavi.“
582 943 615 971 In
635 943 743 971 Celtica
765 952 795 971 se
817 943 898 977 olim,
935 953 998 971 cum
1026 943 1196 972 rhetoricam
1225 947 1372 971 exerceret
1400 946 1504 976 artem,
1538 942 1675 970 maximas
1696 943 1842 972 mercedes
1855 943 1892 981 Ἡ)
1914 943 2013 971 tulisse

337 998 412 1037 (τοῖς
438 999 681 1038 μεγαλομίσθοις
708 999 770 1028 τῶν
803 999 963 1037 σοφιστῶν
995 997 1271 1039 ἕναριθμοι’μενος)
1300 1000 1361 1037 ipse
1389 1003 1486 1027 narrat
1513 999 1541 1026 in
1569 999 1712 1037 Apologia
1739 1009 1792 1038 pro
1819 1010 1904 1028 merc.
1933 1000 2014 1028 cond.

335 1055 408 1093 (15).
442 1055 577 1092 Lugduni
598 1065 649 1093 per
672 1055 770 1083 decem
793 1055 852 1083 fere
877 1065 964 1084 annos
993 1055 1079 1084 fuisse
1107 1056 1238 1094 suspicor
1264 1055 1436 1090 Lucianum,
1471 1065 1528 1093 qua
1555 1055 1583 1083 in
1610 1055 1695 1090 urbe,
1727 1060 1758 1085 ut
1780 1065 1817 1084 ex
1844 1056 1964 1085 Irenaeo
1985 1060 2015 1084 et

333 1111 458 1140 Eusebio
481 1111 577 1149 colligi
599 1115 706 1151 potest,
728 1112 867 1140 florebant
887 1116 947 1141 tum
967 1112 1069 1141 artium
1086 1113 1247 1142 liberalium
1270 1112 1372 1141 studia.
1408 1112 1514 1140 Postea
1531 1112 1687 1140 Lucianum
1700 1112 1805 1151 ubique
1822 1113 2014 1151 sophistarum

333 1178 411 1197 more
433 1168 677 1206 peregrinantem,
701 1168 825 1203 Romae,
846 1169 983 1203 Athenis,
1011 1169 1155 1207 Philippis
1176 1170 1224 1198 vel
1246 1169 1483 1203 Thessalonicae,
1511 1168 1653 1203 Corinthi,
1681 1169 1802 1207 Ephesi,
1830 1169 1879 1198 ubi
1900 1169 2014 1198 libellos

333 1225 480 1259 recitaret,
502 1225 674 1260 invenimus,
698 1229 725 1253 et
746 1235 832 1262 quum
854 1225 1027 1264 Peregrinus
1049 1225 1172 1255 Proteus
1194 1236 1296 1265 rogum
1317 1236 1370 1254 sua
1390 1235 1475 1254 manu
1487 1235 1637 1254 accensum
1651 1225 1862 1261 conscenderet,
1882 1230 2015 1264 quartum

335 1291 367 1310 se
388 1285 534 1320 spectasse
563 1282 602 1310 ait
624 1281 760 1320 Olympia
790 1282 922 1320 (Peregr.
946 1282 1007 1321 55).
1050 1282 1132 1311 Idem
1161 1293 1248 1321 quum
1277 1283 1306 1310 in
1334 1282 1397 1311 aliis
1424 1281 1530 1310 libellis
1558 1281 1680 1310 reditum
1706 1282 1734 1310 in
1754 1282 1876 1321 patriam
1896 1281 2013 1318 indicet,

333 1339 445 1379 (Alex.)
468 1349 531 1368 cum
559 1338 736 1376 Hierapolim
765 1339 889 1367 nominet
917 1343 944 1367 et
971 1338 1189 1377 Paphlagoniae
1217 1339 1319 1368 urbem
1346 1338 1577 1368 Abonoteichum
1605 1342 1633 1366 et
1660 1338 1712 1367 iter
1734 1339 1946 1377 Aegyptiacum
1971 1341 2015 1368 tot

333 1400 450 1434 tamque
472 1395 672 1424 dissentientes
690 1395 819 1432 prolatae
840 1399 905 1424 sunt
929 1395 966 1424 de
990 1395 1109 1424 Luciani
1130 1395 1278 1425 itineribus
1301 1395 1464 1434 opiniones,
1496 1399 1528 1424 ut
1549 1404 1631 1423 nemo
1659 1405 1738 1424 suam
1759 1395 1888 1424 stabilire
1914 1395 2014 1434 possit,

332 1453 401 1491 quin
423 1452 619 1481 contradicant
641 1451 752 1489 reliqui.
795 1451 838 1480 Ea
858 1461 926 1480 vero
949 1456 981 1481 ut
1004 1452 1041 1481 ad
1063 1452 1182 1481 Luciani
1204 1452 1317 1481 libellos
1341 1452 1394 1481 rite
1415 1452 1607 1481 aestimandos
1626 1456 1654 1480 et
1678 1452 1867 1490 disponendos
1889 1461 2014 1491 paucum

330 1510 453 1544 faciunt,
486 1509 525 1537 ita
546 1518 598 1546 per
619 1518 650 1537 58
674 1508 842 1537 accuratiori
864 1508 1045 1547 inquisitione
1065 1519 1167 1547 parum
1186 1509 1319 1538 videntur
1344 1518 1406 1538 esse
1428 1509 1523 1547 digna.
1569 1508 1679 1538 Sufficit
1704 1509 1790 1545 scire,
1821 1518 1886 1538 eum
1906 1509 2015 1547 ubique

331 1566 459 1605 gentium
481 1570 625 1594 versatum
648 1575 726 1600 esse,
747 1569 779 1593 ut
800 1565 953 1594 recitandis
974 1566 1119 1604 opusculis
1139 1566 1260 1604 gloriam
1281 1566 1501 1605 mercedemque
1528 1570 1757 1604 consequeretur.
1800 1565 1884 1602 Quod
1904 1564 2012 1594 dictum

331 1623 462 1652 volumus
484 1622 519 1651 de
541 1621 755 1651 recitationibus
778 1622 1017 1662 (προςλαλιαῖς),
1040 1632 1111 1661 (11135
1133 1623 1342 1652 commissiones
1365 1623 1465 1652 dixere
1485 1624 1656 1662 posteriores
1677 1623 1846 1661 scriptores,
1872 1623 1916 1662 (ut
1937 1622 2008 1651 Sue-

330 1684 387 1709 1011.
410 1679 470 1708 Cal.
494 1683 547 1714 553
571 1679 647 1717 Aug.
666 1683 720 1714 893
745 1678 810 1707 coll.
839 1678 976 1717 Casaub.)
1010 1683 1038 1708 et
1064 1679 1092 1708 in
1114 1680 1217 1718 quibus
1238 1680 1390 1708 verborum
1411 1681 1599 1709 concinnitate
1621 1689 1771 1717 rerumque
1793 1683 1943 1708 venustate
1964 1678 2013 1707 de-

332 1736 483 1765 lectatione
506 1736 630 1774 quadam
652 1736 767 1764 allicere
788 1736 879 1764 voluit
893 1735 1067 1765 audientium
1086 1737 1201 1765 animos.
1236 1737 1309 1765 Eum
1327 1746 1378 1774 per
1394 1737 1496 1775 viginti
1517 1737 1576 1765 fere
1590 1746 1677 1765 annos
1691 1740 1779 1764 artem
1795 1735 1965 1764 rhetoricam
1984 1740 2013 1764 et

334 1794 548 1832 grammaticam
564 1793 726 1822 exercuisse
740 1793 960 1831 mercedemque
979 1793 1014 1822 ab
1037 1793 1212 1831 Imperatore
1230 1793 1284 1832 ipsi
1301 1793 1437 1822 tributam
1459 1803 1521 1830 esse
1533 1816 1540 1828 ,
1562 1794 1631 1822 satis
1651 1797 1693 1822 est
1713 1792 1794 1821 scire.
1837 1792 2012 1821 Wetzlan'us

334 1854 443 1884 autem,
476 1860 550 1888 quae
571 1851 600 1878 in
621 1850 799 1878 Hermotimo
820 1860 872 1888 per
893 1851 979 1879 risum
1004 1850 1080 1879 dicta
1101 1854 1181 1885 sunt,
1213 1860 1313 1879 severe
1334 1851 1538 1889 interpretatus
1566 1859 1676 1878 errasse
1697 1849 1766 1877 mihi
1786 1848 1908 1877 videtur.
1951 1837 2013 1878 Nec

333 1906 493 1935 audiendus
515 1910 558 1935 est
581 1906 700 1941 Suidas,
727 1907 776 1944 qui
797 1907 967 1936 Antiochiae
982 1907 1140 1936 Lueianum
1163 1917 1264 1936 causas
1286 1907 1380 1945 egisse
1399 1908 1460 1937 sine
1476 1907 1536 1936 ulla
1550 1907 1658 1936 ratione
1674 1905 1808 1944 prodidit.
1848 1905 2012 1935 Mirandum

331 1973 412 1997 sane,
435 1963 512 2001 quod
534 1963 718 1997 VVetzlarius,
749 1963 797 2001 qui
819 1963 875 1991 alia
897 1963 1059 1992 doctissime
1081 1964 1222 2002 exposuit,
1245 1974 1281 1992 ex
1301 1965 1350 2000 iis,
1373 1974 1446 2003 quae
1464 1964 1607 1993 Lucianus
1629 1963 1664 1992 de
1683 1962 1738 1991 dea
1754 1962 1839 2000 Syria
1860 1966 1889 1991 et
1909 1961 2011 1990 Hiera-

331 2020 390 2058 poli
410 2021 537 2049 narravit
560 2024 738 2059 portentosa,
762 2019 816 2048 iter
831 2030 847 2048 a
861 2019 987 2048 Luciano
1011 2019 1225 2049 adolescentulo
1239 2021 1267 2049 in
1283 2021 1352 2050 istas
1367 2021 1498 2060 regiones
1519 2024 1682 2058 susceptum
1700 2018 1837 2048 conclusit
1858 2019 1937 2057 (pag.
1951 2018 2012 2056 51).

333 2076 413 2114 Quae
435 2077 508 2106 enim
531 2078 559 2106 in
581 2087 614 2105 eo
634 2077 707 2105 libro
730 2086 746 2105 a
767 2076 893 2105 Luciauo
914 2080 1065 2105 narrantur
1085 2077 1126 2105 ita
1147 2081 1211 2106 sunt
1231 2082 1364 2113 narrata,
1394 2082 1426 2107 ut
1447 2077 1586 2106 Herodoti
1608 2076 1723 2106 credula
1746 2075 1881 2110 facilitas,
1912 2084 2010 2114 super-

331 2134 422 2168 stitio,
444 2135 665 2172 universumque
685 2133 854 2162 narrationis
881 2143 972 2171 genus
993 2133 1128 2162 rideatur.
1179 2133 1275 2171 Quare
1304 2135 1370 2164 ficta
1401 2144 1464 2164 esse
1494 2134 1587 2163 omnia
1616 2142 1698 2161 nemo
1725 2142 1781 2161 non
1807 2131 1902 2167 videt,
1935 2141 2010 2170 quae

332 2191 476 2219 Lucianus
497 2190 533 2219 de
557 2191 706 2225 cincinnis,
737 2200 808 2228 quos
829 2190 890 2228 ipse
912 2190 941 2218 in
963 2190 1070 2228 templo
1092 2190 1221 2219 desectos
1244 2191 1272 2220 in
1294 2191 1418 2220 vasculis
1449 2191 1590 2229 argenteis
1619 2189 1762 2228 adscripto
1789 2188 1900 2217 nomine
1922 2188 2010 2228 depo-

332 2248 434 2281 suerit,
467 2257 541 2285 quae
561 2248 596 2276 de
618 2247 758 2275 Adonidis
779 2247 866 2285 orgiis
896 2250 925 2275 et
952 2246 988 2275 dc
1010 2247 1103 2285 capite
1133 2246 1223 2276 Osiris
1251 2248 1407 2287 Aegyptii,
1447 2248 1524 2286 quod
1550 2246 1669 2285 singulis
1698 2246 1778 2274 annis
1806 2245 1843 2274 ab
1871 2246 2009 2285 Aegypto

331 2304 457 2342 Byblum
478 2314 568 2343 usque
590 2304 669 2333 nulla
691 2304 833 2333 hominum
853 2304 1008 2333 directione
1030 2308 1124 2341 natet,
1143 2304 1270 2344 protulit.

400 2427 450 2457 21)
469 2425 486 2450 l.
506 2425 523 2449 1.
543 2433 566 2457 p.
587 2429 627 2452 27.
646 2425 768 2449 Philostr.
788 2426 832 2449 vit.
851 2425 924 2458 soph.
943 2425 982 2449 ed.
1002 2424 1137 2456 olearias,
1156 2433 1180 2458 p.
1201 2429 1261 2453 516.
1282 2428 1342 2452 613.

403 2475 452 2506 22)
471 2482 521 2506 qua
540 2474 570 2498 dc
589 2481 616 2498 re
636 2474 702 2498 conf.
721 2473 894 2507 Capitolinum
913 2475 940 2498 in
958 2474 1012 2498 vita
1030 2474 1124 2499 Anton.
1143 2477 1169 2498 et
1186 2474 1294 2499 Luciani
1313 2471 1464 2497 Eunuchum
1480 2475 1512 2500 3.,
1530 2470 1575 2495 ubi
1591 2474 1709 2496 senatum
1727 2470 1801 2502 quasi
1824 2469 2008 2500 academicum,

471 2522 559 2554 quales
578 2522 654 2547 hodie
673 2526 748 2553 sunt,
768 2523 920 2548 invenimus.
939 2523 972 2548 cf.
991 2522 1069 2547 etiam
1087 2521 1206 2548 Cresollii
1226 2523 1315 2548 theatr.
1335 2522 1398 2547 rhet.
1419 2522 1445 2545 in
1464 2521 1587 2546 Gronovii
1605 2519 1670 2544 thes.
1689 2518 1721 2550 X,
1741 2522 1764 2550 3,
1784 2522 1824 2547 13.
