2280 2777
937 134 1163 168 -6-

216 238 372 268 studiorum
395 238 529 274 vitaeque
550 235 743 269 institutione,
765 235 801 263 de
820 235 974 272 juventute
996 238 1024 262 et
1045 237 1191 262 senectute
1209 233 1344 271 protulit,
1367 234 1500 272 colligas,
1531 238 1667 273 quantum
1687 234 1794 273 possis,
1821 238 1890 262 tem-

216 304 287 333 pora
309 299 337 323 et
357 294 470 322 ordines
491 292 635 320 librorum.
678 291 723 319 Ita
744 291 773 319 in
794 290 964 319 Alexandro
988 291 1112 318 Abonot.
1132 290 1263 318 Marcum
1285 290 1434 318 Aurelium
1455 291 1579 319 nominat
1610 288 1702 328 θεόν,
1739 293 1813 330 (cap.
1838 292 1888 329 48)

215 351 295 389 quod
315 360 415 378 nomen
441 348 559 377 mortuis
586 347 699 375 demum
720 347 947 385 Imperatoribus
974 347 1111 375 tributum
1139 356 1201 374 csse
1228 350 1352 379 constat,
1384 347 1513 384 quamvis
1541 352 1651 383 essent,
1682 348 1730 386 qui
1758 349 1889 376 viventes

215 407 299 436 etiam
321 407 378 435 divi
401 405 572 434 haberentur
585 403 630 441 ¹⁶).
673 403 719 431 Ex
741 404 925 441 aequalibus,
957 413 1028 441 quos
1057 404 1188 432 viventes
1210 407 1259 431 aut
1280 403 1378 440 paullo
1406 407 1470 431 ante
1492 408 1618 432 mortuos
1639 404 1760 440 indicat,
1796 415 1889 443 pauca

213 463 393 492 concluseris.
446 461 636 489 Philostratus
670 460 759 495 enim,
789 464 820 488 ut
846 470 882 488 ne
910 460 1038 489 nominat
1062 459 1178 498 quidem
1205 459 1278 487 inter
1304 459 1463 497 sophistas,
1496 470 1615 497 quorum
1641 461 1716 490 vitas
1745 461 1887 499 exposuit,

214 520 381 553 Lucianum‚
404 519 442 546 ita
464 526 533 554 quos
555 517 698 545 Lucianus
718 517 830 545 extollit
851 517 998 551 laudibus,
1020 517 1132 545 silentio
1150 516 1301 554 praeterit,
1323 532 1362 536 ——
1383 515 1465 550 odio,
1485 521 1517 545 ut
1538 517 1605 545 mihi
1628 517 1742 555 quidem
1763 518 1886 552 videtur,

212 577 240 604 in
262 576 416 604 Lueianuin
439 583 588 609 accensus,
618 583 705 611 quum
730 573 930 602 diversissimis
954 578 1047 601 essent
1075 573 1211 610 ingeniis,
1240 572 1390 610 religiosus
1413 576 1441 600 et
1461 573 1674 610 superstitiosus
1696 574 1782 609 alter,
1815 575 1887 603 alter

212 633 248 660 ab
270 631 343 659 omni
365 630 502 668 religione
525 630 721 658 alienissimus.
763 630 888 668 Epicteti
910 630 987 668 apud
1001 634 1153 667 utrumque
1175 629 1204 657 fit
1225 629 1343 663 mentio,
1366 633 1409 663 at,
1431 639 1486 666 quo
1501 639 1572 658 anno
1587 630 1622 658 de
1642 631 1702 659 vita
1724 631 1886 665 decesserit,

211 689 380 725 ignoramus.
424 687 538 715 Celsum
560 691 591 715 ut
614 686 813 715 amicissimum
832 687 986 724 alloquitur
998 686 1142 714 Lucianus
1156 686 1184 713 in
1202 685 1387 719 Alexandro,
1409 685 1582 723 Epicur-ique
1603 687 1710 715 indicat
1724 697 1788 715 eum
1801 687 1887 715 fuisse

210 745 407 773 admiratorem
439 748 465 772 et
496 747 594 772 contra
619 753 718 781 magos
746 744 781 771 ab
805 753 838 771 eo
861 743 982 780 scriptos
1005 743 1107 777 libros,
1137 742 1173 770 de
1195 742 1298 780 quibus
1321 741 1462 779 Origenes
1484 742 1569 771 etiam
1589 743 1721 781 loquitur.
1763 744 1803 772 At
1823 743 1886 771 Cel-

209 812 258 830 sus
281 800 440 837 Origeneus
461 809 478 828 a
499 799 643 828 Lucianeo
665 800 761 828 multis
783 800 810 828 in
832 799 918 827 rebus
943 799 1059 827 ridetur
1081 799 1211 827 diversus
1233 803 1260 827 ct
1289 799 1323 826 de
1344 799 1404 827 vita
1432 799 1567 836 vitaeque
1588 799 1642 827 fine
1671 800 1747 828 Celsi
1778 800 1886 828 incerta

213 862 278 886 sunt
299 857 391 885 onmia
409 856 451 894 ¹⁷).
493 856 554 885 Nec
576 857 704 891 Arriani,
731 867 815 894 quem
836 856 936 884 laudat
957 860 1068 890 noster,
1100 856 1197 894 (Alex.
1216 856 1246 893 2)
1268 865 1321 884 nec
1346 856 1495 894 Apollonii
1518 856 1629 893 Tyanei
1652 856 1748 895 (Alex.
1768 856 1812 894 5),
1834 865 1886 884 nee

210 914 408 947 Demonactis,
443 923 495 942 nee
518 913 667 951 Peregrini
688 913 785 941 Protei
808 913 884 941 vitae
912 912 981 941 satis
1010 922 1045 940 ex
1075 912 1137 940 aliis
1165 912 1350 950 scriptoribus
1377 917 1442 941 sunt
1469 917 1561 941 notae.
1606 913 1744 941 Tatianus
1771 913 1886 950 quidem

211 971 376 1009 apologeta,
399 970 448 1008 qui
467 980 531 998 cum
552 970 678 998 Luciano
702 970 801 998 eadem
821 969 955 997 utebatur
976 969 1071 1007 patria
1092 973 1120 997 et
1142 966 1225 1007 quem
1247 979 1320 997 anno
1343 971 1398 1001 174
1416 974 1558 998 mortuum
1580 979 1642 998 esse
1663 969 1803 998 Danielus
1823 979 1886 1008 pro-

212 1028 305 1061 bavit,
327 1027 476 1064 Peregrini
497 1026 595 1055 Protei
617 1026 837 1064 descriptionem
859 1026 1033 1054 Luci-<meam
1055 1026 1160 1064 legisse
1182 1026 1250 1054 mihi
1271 1025 1399 1060 videtur,
1428 1026 1561 1064 idemque
1585 1026 1772 1054 demonstrari
1792 1030 1887 1064 potest

210 1085 246 1112 de
268 1084 454 1121 Athenagora
474 1083 523 1121 ¹⁸),
556 1093 644 1121 quare
666 1083 853 1121 Peregrinum
876 1083 951 1111 circa
973 1092 1076 1111 annum
1099 1086 1156 1113 170
1183 1082 1320 1120 scriptum
1343 1092 1404 1110 esse
1425 1083 1493 1111 licet
1515 1083 1662 1121 suspicari.
1704 1083 1749 1110 De
1769 1082 1887 1110 historia

176 1151 194 1179 j
211 1141 415 1169 conscribenda
436 1140 485 1169 ubi
507 1140 567 1178 agit
588 1140 747 1175 Lucianus,
768 1140 837 1168 belli
858 1139 1000 1174 Parthici,
1022 1139 1100 1177 quod
1122 1139 1227 1167 Lucius
1248 1139 1344 1167 Verus
1367 1139 1448 1167 annis
1471 1143 1627 1171 162-165
1652 1139 1740 1177 gessit
1752 1138 1788 1176 19)
1810 1148 1886 1166 men-

208 1198 311 1226 tionem
326 1197 400 1226 facit.
443 1197 518 1226 Aliis
534 1197 639 1225 libellis
661 1197 697 1225 de
715 1206 745 1224 se
760 1200 791 1226 ut
807 1205 875 1225 sene
890 1196 1030 1234 loquitur,
1059 1200 1090 1224 ut
1112 1196 1139 1223 in
1161 1195 1287 1224 Hercule
1310 1196 1350 1234 (1.
1365 1196 1404 1233 7.)
1426 1195 1550 1230 Baccho,
1572 1196 1611 1234 (6.
1630 1195 1684 1233 8.),
1707 1199 1735 1223 et
1755 1195 1783 1223 in
1805 1195 1884 1233 Apo-

209 1255 287 1293 logia
306 1264 357 1292 pro
378 1254 511 1282 mercede
534 1253 680 1282 conductis
703 1254 742 1292 (ίι.
757 1253 824 1291 10);
846 1253 895 1282 alii
916 1263 960 1281 res
983 1263 1054 1291 quas
1077 1256 1162 1281 antea
1183 1252 1351 1291 scripserat,
1385 1252 1544 1281 accuratius
1566 1252 1703 1280 definiunt
1722 1251 1769 1280 vel
1791 1251 1886 1280 defen-

206 1311 291 1346 dunt,
312 1315 344 1340 ut
364 1321 416 1349 pro
437 1311 623 1349 imaginibus,
647 1310 709 1345 alii;
732 1310 868 1347 fugitivos
879 1314 943 1348 post
956 1309 1144 1348 Peregrinum
1165 1310 1286 1348 scriptos
1301 1309 1394 1347 ipsum
1407 1309 1473 1338 libri
1494 1309 1604 1337 initium
1619 1308 1688 1337 satis
1703 1308 1886 1337 demonstrat.

198 1365 245 1392 '-
265 1367 424 1396 Plurimum
445 1377 514 1396 vero
534 1367 607 1396 lucis
630 1367 667 1395 ad
688 1372 813 1395 nostram
841 1367 1036 1405 quaestionem
1063 1366 1178 1395 affertur
1207 1376 1243 1395 ex
1270 1366 1331 1395 vita
1357 1366 1477 1394 Luciani
1505 1366 1638 1403 vitaeque
1666 1365 1816 1400 institutis,
1849 1365 1885 1393 de

205 1424 310 1463 quibus
331 1424 392 1463 ipse
413 1424 482 1453 satis
498 1424 589 1453 multa
609 1424 699 1460 dixit,
735 1423 811 1452 unde
833 1424 1048 1462 dispositionem
1068 1423 1206 1452 librorum
1225 1423 1318 1461 possis
1340 1422 1519 1451 adumbrare.
1562 1422 1643 1459 Quae
1669 1431 1756 1460 quum
1778 1421 1815 1450 ab
1837 1421 1885 1449 ho-

206 1481 328 1511 minibus
351 1481 441 1510 doctis
461 1481 531 1510 satis
551 1491 694 1519 superque
716 1481 862 1519 disputata
883 1481 952 1515 sint,
975 1480 1229 1519 quambrevissime
1251 1489 1396 1518 exponere
1418 1480 1446 1508 in
1469 1480 1562 1508 animo
1585 1483 1636 1507 est.

365 1538 472 1567 Natum
495 1547 557 1566 csse
579 1538 652 1566 inter
673 1548 769 1566 omnes
791 1541 900 1566 constat
921 1537 1079 1566 Lucianum
1103 1537 1275 1571 Samosatis,
1296 1546 1370 1575 quae
1392 1537 1460 1565 urbs
1482 1537 1519 1565 ad
1533 1536 1709 1574 Euphratem
1731 1534 1785 1563 sita
1802 1533 1884 1562 Com-

205 1605 355 1634 magenes,
389 1595 491 1633 Syriae
512 1595 653 1633 regionis,
683 1600 743 1623 erat
764 1595 946 1633 metropolis,
977 1594 1052 1623 unde
1077 1594 1183 1632 Syrum
1210 1593 1257 1622 vel
1278 1593 1430 1631 Assyrium
1458 1603 1488 1622 se
1514 1593 1646 1632 pluribus
1668 1593 1737 1621 locis
1757 1592 1884 1620 nominat

206 1654 256 1692 (de
276 1653 342 1681 hist.
364 1662 471 1681 censer.
493 1654 545 1688 243
580 1651 654 1680 Piso.
671 1656 723 1687 193
752 1652 862 1689 Scytha
879 1656 912 1686 93
949 1651 1014 1679 adv.
1040 1651 1098 1680 ind.
1122 1651 1192 1689 19.).
1241 1651 1342 1679 Annus
1356 1649 1393 1688 20)
1422 1650 1526 1680 natalis
1558 1650 1638 1678 nulla
1664 1654 1724 1678 arte
1751 1649 1883 1678 constitui

206 1710 312 1748 potuit;
334 1714 363 1738 at
383 1709 570 1738 certissimum
591 1713 650 1743 est,
671 1709 828 1737 Lucianum
850 1708 961 1737 circiter
982 1708 1062 1736 annis
1083 1718 1112 1746 p.
1127 1707 1193 1736 Chr.
1209 1718 1236 1736 n.
1255 1711 1413 1739 120—200
1435 1707 1550 1735 vixisse.
1583 1706 1663 1743 Quae
1685 1706 1723 1735 ad
1742 1705 1883 1744 quaestio-

206 1777 270 1795 nem
290 1770 414 1795 nostram
435 1771 501 1794 sunt
521 1765 705 1804 gravissiina,
737 1765 858 1803 legimus
880 1765 908 1793 in
930 1765 1036 1793 somnio
1058 1765 1120 1793 sive
1140 1765 1200 1793 vita
1216 1764 1344 1793 Luciani.
1386 1764 1558 1792 Parentibus
1575 1763 1724 1797 utebatur,
1752 1766 1783 1791 ut
1804 1761 1882 1790 vide-

175 1862 177 1865 *
206 1828 267 1859 tur,
294 1822 482 1862 pauperibus,
513 1832 602 1860 quare
623 1826 705 1860 pater
726 1822 867 1850 avunculo
888 1831 1009 1860 puerum
1029 1821 1148 1850 tradidit
1171 1821 1240 1850 artis
1262 1821 1416 1850 statuariae
1437 1820 1626 1859 peritissimo,
1656 1820 1704 1858 qui
1725 1819 1883 1847 Lucianum

209 1880 309 1909 eadem
329 1879 468 1908 imbueret
489 1883 560 1908 arte.
600 1879 641 1907 At
660 1879 759 1917 primis
781 1879 876 1907 statim
898 1878 999 1907 diebus
1020 1878 1146 1907 Lueiano
1168 1878 1266 1907 durius
1287 1878 1462 1916 impingente
1483 1877 1623 1915 frangitur
1647 1876 1760 1912 tabula3
1795 1885 1883 1904 avun—

207 1937 301 1972 culus,
332 1941 363 1965 nt
383 1936 464 1964 homo
485 1936 668 1970 inhumanus,
702 1935 870 1973 gravissime
891 1935 1026 1964 verberat
1046 1945 1183 1973 puerum,
1212 1944 1300 1973 quare
1322 1935 1359 1963 ad
1380 1935 1526 1963 literarum
1548 1933 1644 1962 studia
1664 1943 1694 1961 se
1717 1936 1883 1961 convertere

206 1993 334 2022 decrevit
357 1993 598 2028 adolescentulus,
620 1993 719 2025 somnii
741 1992 864 2027 visione,
886 1997 917 2020 ut
939 1992 1092 2021 Prodicum
1113 1992 1202 2020 Ceum
1229 1991 1365 2020 imitando
1387 1991 1484 2030 fingit,
1517 1991 1554 2020 ad
1574 1990 1692 2019 meliora
1712 1990 1766 2018 ista
1788 1997 1885 2027 capes·

278 2162 326 2195 16)
345 2162 412 2187 conf.
432 2162 540 2194 Capitol.
559 2162 585 2185 in
604 2161 659 2185 vita
677 2161 770 2185 Anton.
790 2160 940 2193 Philosophi
963 2163 1003 2188 18.

278 2211 324 2244 17)
345 2219 409 2243 quae
428 2219 505 2243 quum
531 2210 563 2234 ad
582 2210 762 2242 theologorum
780 2209 916 2234 videantur
934 2210 1018 2242 magis
1043 2209 1178 2234 reserenda
1206 2209 1306 2240 studia,
1335 2209 1366 2233 de
1391 2208 1467 2232 Celso
1495 2207 1624 2240 copiosius
1653 2205 1838 2239 disputavimus
1857 2205 1884 2228 in

349 2261 560 2285 commentatione
579 2263 631 2284 not.
653 2259 695 2291 13)
715 2258 828 2283 laudata.

280 2309 328 2340 18)
348 2309 414 2333 conf.
432 2308 489 2332 Tat.
510 2311 572 2332 orat.
592 2308 624 2332 ad
643 2308 755 2332 Graecos
775 2311 808 2334 25
829 2307 868 2331 ed.
887 2306 968 2331 Maur.
988 2307 1044 2330 Par.
1066 2310 1134 2334 1742
1154 2315 1213 2340 pag.
1233 2310 1301 2337 265;
1320 2305 1382 2331 ibid.
1403 2305 1530 2338 Athenag.
1546 2304 1597 2337 leg.
1615 2312 1660 2337 pro
1680 2301 1887 2331 Christiani-²126,

348 2365 406 2389 pag.
427 2360 485 2384 504.
505 2356 614 2387 Daniel,
632 2357 725 2381 Tatian
745 2356 789 2381 der
807 2356 959 2389 Apologete,
978 2358 1057 2383 1837.

280 2405 330 2437 19)
350 2406 416 2430 cons.
436 2414 498 2437 quae
519 2405 546 2430 C.
565 2405 593 2430 F.
612 2405 775 2430 Hei-mannus
793 2406 820 2429 in
839 2405 951 2430 editione
970 2405 1045 2436 hujus
1064 2403 1147 2428 libelli
1164 2412 1188 2437 p.
1208 2403 1365 2428 XV-XVII
1385 2403 1415 2427 de
1434 2402 1504 2427 bello
1523 2402 1569 2426 illo
1588 2401 1714 2434 exposuit.

281 2454 331 2486 20)
351 2454 382 2479 de
400 2455 449 2478 hac
468 2454 616 2486 quaestione
635 2454 745 2486 amplius
763 2454 904 2487 disputavit
922 2453 1036 2478 VVetzlar
1054 2453 1071 2477 l.
1090 2453 1108 2478 l.
1126 2461 1185 2486 pag.
1201 2456 1303 2482 5—123
1323 2456 1473 2484 argumenta
1492 2454 1589 2481 autem,
1609 2449 1702 2482 quibus
1721 2454 1815 2473 annum
1834 2449 1885 2474 125

349 2503 459 2527 natalem
478 2503 557 2528 fuisse
576 2503 665 2528 statuit
683 2502 806 2534 Luciam,
825 2502 888 2527 mihi
907 2502 1042 2527 subtiliora
1060 2501 1178 2526 videntur
1197 2509 1273 2534 quam
1291 2502 1398 2526 veriora.
