2280 2777
1088 147 1342 181 —11-

374 259 432 288 que
452 249 531 278 locis.
573 249 636 278 Nec
657 258 752 277 rerum
772 249 864 287 magis
885 249 1023 277 tenuitate
1044 247 1091 276 vel
1112 247 1230 276 levitate
1252 247 1419 284 offendatur,
1441 249 1490 287 qui
1509 250 1693 288 reputaverit,
1714 254 1779 289 post
1797 254 1917 279 mortem
1937 251 2057 281 fortasse

374 306 494 335 Luciani
515 306 585 334 istas
606 305 774 343 scriptiones
796 305 966 343 dicendique
989 304 1205 333 exercitationes
1228 313 1264 332 ex
1279 305 1371 343 capsis
1393 307 1454 344 ejus
1476 307 1610 336 collectas
1631 307 1658 335 in
1679 307 1783 344 vulgus
1801 316 1956 336 emanasse.
1998 308 2058 337 Ad-

374 362 411 390 de
434 362 511 400 quod
532 362 580 390 vel
602 362 630 390 in
651 362 694 396 iis,
717 361 766 399 qui
787 362 823 390 ab
846 362 975 390 omnibus
996 361 1112 399 genuini
1133 361 1275 389 habentur
1295 361 1370 397 libri,
1392 363 1475 400 plura
1496 363 1755 402 deprehenduntur,
1777 373 1850 402 quae
1872 364 2001 393 tollenda
2021 365 2061 393 vi-

374 419 514 454 deantur;
546 428 635 456 quare
655 428 691 446 ne
714 427 761 446 eos
783 418 898 456 quidem
920 418 1032 447 omnino
1060 427 1098 446 ex
1118 417 1237 446 Luciani
1259 418 1393 455 operibus
1420 420 1588 456 rejiciendos
1614 420 1775 458 putaveris,
1803 420 1832 448 in
1853 420 1956 459 quibus
1977 421 2062 459 plura

375 475 492 514 quidem
513 475 643 503 tollenda
663 475 857 513 relinquendis
878 475 1037 503 videantur.
1081 475 1207 503 Tuemur
1227 474 1328 502 iisdem
1347 474 1382 503 de
1401 476 1507 504 caussis
1526 481 1623 505 contra
1640 477 1797 506 criticorum
1813 477 1989 515 quorundam
2008 478 2058 506 irn-

374 536 459 571 petus
481 536 507 562 5.
529 531 659 560 libellum
681 532 729 569 qui
749 531 913 560 inscribitur
928 532 1045 569 patriae
1067 531 1169 570 (urbis)
1191 531 1351 560 encomium.
1393 532 1427 559 In
1448 532 1502 560 hoc
1524 533 1622 567 etiam,
1644 544 1717 571 quae
1739 533 1871 563 Socrates
1893 534 1970 573 apud
1991 535 2057 563 Pla-

374 593 470 617 tonem
491 588 532 627 (in
553 587 679 626 Critone)
702 588 730 616 in
751 588 865 616 laudem
886 588 965 616 urbis
985 588 1095 626 patriae
1117 587 1238 623 dixerat,
1259 588 1372 616 imitans
1394 588 1551 623 Lucianus,
1574 589 1613 617 nil
1635 589 1745 619 dulcius
1767 600 1829 619 esse
1850 591 1943 629 patria
1964 591 2056 620 docet.

373 645 538 674 Wielandio
553 644 590 682 ²⁵)
620 644 735 683 quidem
762 649 791 673 et
810 645 922 683 Paulyo
950 645 1056 683 scripta
1083 645 1196 673 videtur
1222 645 1293 673 haec
1315 645 1484 673 declamatio
1506 655 1523 673 a
1544 645 1681 681 Luciano,
1713 657 1799 684 quum
1825 653 1978 685 provectus
1995 649 2056 687 jam

373 706 468 731 aetate
490 702 640 730 Samosata
667 702 708 741 (in
728 702 829 730 urbem
850 701 983 740 patriam)
1012 701 1049 729 ad
1074 705 1187 739 tempus
1214 701 1359 737 rediisset3
1391 701 1443 730 sed
1464 701 1644 731 Wielandius
1666 704 1808 741 specimen
1829 705 1920 742 magis
1942 705 2057 733 humani

374 759 460 788 animi
482 769 567 797 quam
589 758 711 787 sollertIs
740 759 847 796 ingenii
874 759 902 786 in
930 768 964 786 ea
985 767 1124 797 apparere
1146 762 1251 787 censet.
1292 758 1334 787 At
1355 768 1418 787 eam
1442 758 1534 797 ipsam
1555 759 1590 787 ob
1613 769 1741 788 caussam
1763 770 1780 788 a
1800 761 1909 789 seniore
1930 761 2057 790 Luciano

373 816 510 854 scriptam
532 825 593 844 eam
616 825 678 844 esse
700 825 853 853 negamus,
876 825 928 843 nec
949 825 1017 843 vero
1041 825 1075 843 ea
1096 815 1131 843 de
1154 825 1255 844 caussa
1276 815 1437 844 subditivus
1458 815 1602 854 putandus
1624 820 1666 844 est
1687 816 1814 852 libellus,
1843 828 1896 847 nec
1916 822 1994 847 recte
2010 819 2056 857 ju-

373 871 481 902 dicavit
500 872 675 901 Wetzlarius
698 872 737 910 (p.
756 871 821 909 24),
846 882 909 900 cum
930 872 1053 910 plurima
1074 871 1103 899 in
1125 881 1158 899 eo
1180 872 1356 910 deprehendi
1378 872 1470 907 dicat,
1501 882 1574 910 quae
1596 873 1623 900 in
1643 872 1792 902 Samosata
1813 878 1842 903 et
1862 874 1890 902 in
1912 884 1959 910 ea,
1982 885 2056 913 quae

372 930 410 958 de
429 929 549 958 Luciani
570 928 630 957 vita
651 928 754 956 scimus
774 938 830 956 non
852 928 1000 966 quadrent.
1041 928 1106 956 Non
1128 929 1201 956 enim
1215 929 1358 958 Lucianus
1379 940 1448 958 suae
1467 929 1578 967 patriae
1600 930 1711 968 scripsit
1728 930 1850 966 laudem,
1872 931 1924 960 sed
1940 933 2057 970 patriae

372 990 402 1015 et
423 986 545 1024 scripsit,
567 989 599 1014 ut
619 985 701 1013 nobis
722 984 836 1014 videtur
856 984 1062 1013 declamatione
1081 985 1215 1023 juvenili,
1238 990 1269 1014 ut
1289 986 1319 1014 in
1339 986 1500 1024 scriptionis
1520 995 1626 1024 genere
1648 986 1867 1016 demonstrativo
1888 998 1919 1016 se
1941 998 2054 1017 exerce-

371 1047 424 1071 ret.
446 1058 486 1062 —
507 1042 577 1070 Post
599 1042 649 1070 hos
670 1041 793 1076 libellos,
815 1042 844 1070 in
866 1041 970 1080 quibus
991 1042 1152 1071 rudimenta
1174 1042 1256 1080 quasi
1278 1046 1306 1071 et
1327 1043 1456 1071 tirocinia
1469 1043 1630 1072 Lucianeac
1652 1044 1719 1071 artis
1741 1044 1935 1082 conspicimus,
1959 1055 2055 1074 nume-

371 1099 455 1128 randi
477 1099 610 1127 videntur
630 1103 751 1137 quatuor
772 1099 920 1133 rhetorici,
951 1099 999 1136 qui
1020 1099 1213 1127 inscribuntur
1233 1102 1325 1131 4-7
1347 1100 1541 1138 tyrannicida,
1563 1101 1720 1135 abdicatus,
1744 1101 1882 1130 Phalaris
1897 1103 2010 1140 primus
2031 1108 2056 1131 et

372 1157 520 1185 secundus.
540 1156 543 1158 ’
564 1156 704 1184 Rhetores
727 1160 755 1184 et
776 1156 920 1194 sophistae
950 1165 1036 1194 quum
1064 1156 1193 1193 magistri
1220 1161 1314 1184 essent
1340 1156 1424 1184 simul
1452 1167 1616 1185 caussarum
1638 1157 1825 1194 agendarum,
1855 1158 1999 1187 Lucianus
2026 1159 2054 1187 in

373 1212 470 1241 Gallia
492 1213 667 1250 exemplaria
689 1212 830 1250 quaedam
852 1212 966 1240 videtur
988 1212 1159 1247 elaborasse,
1183 1222 1256 1251 quae
1278 1213 1381 1241 imitari
1403 1218 1520 1251 possent
1541 1213 1682 1252 discipuli.
1724 1214 1898 1243 Roboratam
1920 1220 1948 1243 et
1967 1220 2056 1244 matu—

372 1270 476 1298 riorem
497 1269 627 1297 videmus
644 1269 762 1307 jamjam
782 1269 919 1297 Lucianei
940 1267 1046 1307 ingenii
1074 1269 1131 1297 vim
1154 1274 1182 1298 et
1202 1270 1230 1297 in
1249 1269 1404 1298 Phalaride
1426 1270 1607 1299 oraculorum
1634 1275 1662 1299 et
1690 1271 1866 1300 sacerdotum
1895 1282 1941 1300 res
1966 1273 2055 1301 multo

371 1326 433 1354 sale
454 1325 637 1354 defricantur.
679 1325 713 1353 In
736 1326 942 1363 Tyrannicidae
969 1326 1018 1364 qui
1038 1326 1202 1354 inscribitur
1226 1326 1325 1355 libello
1353 1327 1481 1355 ascendit
1501 1327 1603 1365 aliquis
1626 1327 1654 1355 in
1676 1337 1767 1356 arcem
1789 1332 1819 1356 ut
1843 1332 1994 1366 tyrannum
2015 1329 2054 1357 in-

369 1383 506 1418 terficiat3
529 1391 612 1420 quein
627 1392 690 1410 cum
705 1392 761 1410 non
774 1382 937 1417 invenisset,
959 1387 1043 1411 necat
1060 1383 1147 1411 filium
1161 1383 1284 1420 tyranni,
1306 1384 1459 1422 necatique
1476 1384 1504 1412 in
1523 1394 1640 1422 corpore
1654 1384 1787 1422 relinquit
1803 1385 1939 1423 gladium.
1974 1386 2054 1422 Quae

370 1438 421 1468 ubi
442 1449 459 1467 a
480 1444 561 1477 patre
581 1443 682 1477 postea
702 1438 871 1467 adveniente
894 1439 1112 1477 conspiciuntur,
1136 1439 1235 1468 codem
1257 1440 1354 1478 gladio
1375 1450 1406 1469 se
1427 1441 1568 1479 transfigit
1588 1445 1685 1479 pater,
1710 1452 1806 1479 quare,
1829 1442 1878 1479 qui
1899 1442 1987 1471 filium
2007 1452 2054 1471 ne—

368 1500 494 1531 caverat,
518 1496 674 1534 praemium
695 1496 770 1524 idem
791 1495 846 1524 sibi
867 1496 994 1524 vindicat
1015 1506 1048 1525 ac
1068 1497 1090 1525 si
1111 1501 1263 1534 tyr-amium
1284 1497 1377 1535 ipsum
1400 1498 1534 1536 (patrem)
1556 1498 1751 1527 interemisset.
1794 1499 1955 1537 Sophistico
1977 1509 2054 1528 more

368 1552 512 1581 Lucianus
534 1557 562 1581 et
583 1554 741 1582 abdicatam
762 1552 904 1591 quendam
926 1553 1007 1590 fingit
1028 1553 1124 1588 filium,
1151 1554 1214 1592 qui,
1238 1564 1324 1592 quum
1347 1559 1422 1583 esset
1443 1555 1577 1590 medicus,
1601 1556 1674 1593 patri
1696 1555 1807 1590 furioso,
1831 1556 1911 1584 nulla
1931 1556 2055 1594 reliquo-

368 1619 431 1638 rum
458 1613 517 1638 arte
545 1610 671 1638 sanando
699 1619 766 1638 suae
795 1610 864 1638 artis
891 1620 945 1648 ope
967 1614 1089 1638 mentem
1117 1610 1241 1639 restituit
1269 1621 1375 1640 sanam.
1417 1611 1563 1650 Receptus
1592 1622 1654 1640 eam
1681 1612 1716 1640 ob
1743 1622 1802 1640 rem
1824 1623 1842 1641 a
1861 1616 1943 1650 patre
1972 1613 2054 1648 filius,

368 1676 457 1704 quum
477 1676 617 1695 novercae
638 1666 761 1695 furiosae
782 1667 889 1695 mederi
918 1677 948 1695 se
970 1677 1054 1705 posse
1075 1672 1225 1704 negasset,
1254 1668 1347 1696 denuo
1369 1679 1385 1697 a
1406 1673 1488 1707 patre
1510 1669 1668 1698 abdicatur.
1711 1669 1790 1706 Quae
1812 1679 1875 1698 cum
1897 1679 1994 1698 coram
2010 1670 2054 1708 ju-

367 1723 479 1752 dicibus
500 1723 650 1752 tractanda
672 1728 746 1752 esset
766 1733 827 1759 res,
858 1724 1001 1752 Lucianus
1022 1723 1071 1752 filii
1092 1729 1123 1752 ut
1139 1724 1326 1762 justissimam
1356 1725 1396 1753 ita
1424 1726 1538 1764 pietatis
1560 1726 1588 1754 in
1610 1730 1719 1764 patrem
1740 1726 1855 1764 plenam
1877 1726 2054 1764 excogitavit.

368 1780 569 1808 defensionem.
612 1780 693 1817 Quae
715 1780 844 1818 quamvis
866 1781 948 1809 nimis
970 1781 1102 1809 videatur
1123 1781 1227 1819 ampla,
1251 1782 1311 1810 sine
1333 1787 1412 1810 recta
1433 1787 1529 1811 tamen
1549 1783 1656 1811 ratione
1674 1783 1805 1811 Belinum
1827 1793 1890 1812 eam
1911 1783 1949 1812 ad
1967 1783 2053 1812 Liba-

366 1837 460 1871 nium,
492 1837 677 1874 posteriorem
705 1837 847 1875 quendam
869 1837 1024 1876 sophistam
1048 1839 1180 1866 retulisse
1202 1843 1278 1867 recte
1303 1839 1445 1877 judicavit
1466 1839 1658 1868 Lehmannius
1680 1839 1728 1878 (V,
1747 1840 1827 1878 557).
1848 1857 1888 1862 —
1910 1840 2053 1869 Eximium

368 1897 428 1922 tum
450 1893 622 1931 sophisticae
643 1898 703 1922 tum
725 1894 885 1922 rhetoricae
909 1894 977 1922 artis
1000 1895 1161 1933 exemplum
1182 1895 1325 1924 Lucianus
1348 1896 1438 1925 edidit
1460 1896 1488 1924 in
1509 1898 1666 1925 Phalaride
1687 1897 1710 1924 I.
1732 1901 1759 1924 et
1780 1897 1820 1925 II.
1861 1897 1959 1935 Fingit
1980 1897 2053 1926 enim

368 1950 592 1987 Agrigentinum
614 1950 698 1978 istum
719 1954 871 1988 tyrannum
893 1951 1023 1989 Apollini
1042 1951 1191 1990 Delphico,
1213 1952 1288 1981 fama
1309 1953 1577 1989 celebratissimum,
1599 1958 1709 1982 taurum
1730 1957 1849 1982 a'e'neum
1872 1964 2054 1990 consecrare;

366 2006 458 2044 legati
479 2011 573 2035 autem
596 2006 632 2035 ad
655 2006 818 2035 diluendam
840 2007 1015 2036 crudelitatis
1038 2008 1141 2036 famam
1163 2009 1320 2038 orationem
1341 2010 1447 2039 habent
1468 2011 1739 2045 artificiosissimam,
1770 2021 1827 2048 qua
1847 2010 1992 2039 Phalarim
2009 2011 2054 2049 ju-

368 2063 523 2092 stissimum
545 2073 607 2092 esse
629 2073 662 2092 eo
684 2064 901 2102 comprobatur,
924 2064 1001 2102 quod
1022 2064 1176 2100 Perilaum,
1199 2067 1247 2104 qui
1269 2071 1381 2096 taurum
1402 2068 1486 2096 istum
1508 2067 1735 2105 excogitaverat,
1757 2066 1897 2106 supplicio
1918 2067 2052 2096 affecerit.

366 2120 464 2158 Magis
486 2121 570 2149 etiam
592 2121 711 2149 subdole
733 2121 875 2150 Lucianus
898 2121 926 2149 in
947 2121 1102 2150 Phalaride
1123 2122 1213 2151 altero
1236 2124 1399 2153 sacerdotes
1419 2125 1566 2163 delphicos
1588 2124 1778 2152 deliberantes
1799 2124 1875 2159 facit,
1898 2128 1991 2153 utrum
2010 2134 2052 2152 re-

368 2177 476 2215 cipiant
497 2181 608 2206 taurum
631 2188 666 2206 an
687 2182 762 2206 retro
783 2178 904 2206 mittant.
949 2177 1058 2206 Suadet
1078 2183 1150 2207 unus
1172 2189 1208 2208 ex
1230 2181 1427 2210 sacerdotibus
1446 2186 1477 2210 ut
1498 2181 1652 2219 recipiatur
1673 2181 1785 2215 donmn,
1808 2181 1885 2219 quod
1900 2181 2053 2219 impietatis

368 2238 398 2262 et
418 2233 626 2272 imprudentiae
646 2234 719 2263 foret
738 2235 811 2264 illud
832 2235 992 2270 remittere,
1025 2235 1076 2263 sed
1097 2235 1137 2264 ita
1158 2237 1273 2272 suadet,
1302 2242 1334 2266 ut
1361 2238 1633 2276 impudentissimam
1653 2238 1834 2267 sacerdotum
1855 2238 2004 2267 avaritiam
2026 2241 2054 2266 et

366 2300 462 2319 rerum
491 2301 634 2319 sacrarum
659 2291 864 2329 negligentiam
894 2292 1057 2330 patefaciat.
1079 2312 1117 2317 —
1143 2294 1226 2323 Circa
1253 2295 1452 2333 grammaticas
1481 2294 1661 2333 quaestiones
1690 2294 1739 2333 qui
1765 2298 1916 2324 versantur
1945 2294 2054 2332 dialogi

368 2351 435 2376 sunt
454 2351 565 2379 8—10
586 2349 782 2386 Lexiplzanes,
806 2350 1045 2387 Psemlosoplzista
1066 2361 1116 2380 seu
1138 2352 1292 2381 Soloecista
1314 2356 1341 2380 ct
1353 2352 1494 2389 judicium
1514 2352 1660 2380 vocalium.
1701 2352 1861 2381 Inclinante
1879 2352 1997 2391 jamjam
2018 2351 2055 2379 ad

438 2490 488 2522 25)
507 2490 613 2515 Uebers.
632 2490 663 2521 V,
683 2494 749 2519 378:
778 2491 852 2516 Mehr
871 2492 912 2516 ein
931 2492 1009 2516 Werk
1036 2492 1080 2517 (les
1100 2494 1216 2519 Herzens
1244 2495 1282 2519 als
1309 2495 1354 2519 des
1373 2495 1477 2520 Witzcs.
1517 2495 1589 2520 Conf.
1616 2495 1693 2520 etiam
1711 2494 1839 2527 Paulyum
1864 2496 1891 2519 in
1908 2494 2005 2527 proleg.
2025 2493 2056 2517 ad

510 2539 569 2563 edit.
589 2540 681 2564 somnii
700 2549 724 2573 p.
743 2540 849 2565 XXVH.
1749 2578 1768 2596 ἦ

1708 2583 1726 2609 2
