2280 2777
1094 159 1347 192 -10-

382 273 439 292 non
459 263 630 301 perductum
650 261 737 289 fuisse
758 261 863 289 librum
885 260 995 294 dicere3
1031 263 1060 287 at
1081 259 1152 287 illud
1176 259 1291 296 quidem
1312 260 1426 288 videtur
1447 261 1645 296 memorabile,
1677 261 1849 297 Lucianum,
1879 263 1928 300 qui
1950 263 1978 291 in
1999 263 2062 292 aliis

380 320 463 349 libris
483 317 732 347 vehementissime
753 317 892 346 laceravit
914 316 1051 354 Cynicos,
1084 316 1113 344 in
1134 316 1188 344 hoc
1208 326 1306 344 veram
1329 316 1456 354 Cynismi
1476 323 1606 346 naturam
1634 322 1691 346 tam
1720 322 1797 347 recte
1818 319 2000 357 perspexisse
2014 319 2061 358 ⁴³).

383 376 443 405 Sed
462 376 492 403 in
515 379 639 412 utroque
661 374 775 411 dialogo
796 373 902 412 passim
924 373 962 401 ad
983 373 1213 411 perversissimos
1237 373 1398 410 aequalium
1419 374 1672 412 philosophorum,
1707 375 1756 413 qui
1778 375 1906 404 Platonis
1928 376 2062 404 Zenonis-

381 442 438 471 que
460 431 616 469 discipulos
637 440 668 459 se
682 431 846 468 profitentes
863 430 999 458 avaritiae
1011 429 1201 466 luxuriaeque
1218 433 1295 457 totos
1310 439 1341 457 se
1358 430 1474 464 dabant,
1495 431 1609 459 videtur
1630 432 1799 469 respexisse.
1841 432 1876 460 In
1892 442 1927 461 ea
1947 433 2062 470 quidem

383 488 584 528 philosophiae
605 492 701 525 parte,
732 497 806 525 quae
828 491 871 515 est
893 487 928 515 de
949 486 1091 520 moribus,
1123 485 1250 523 Cynismi
1273 485 1372 514 duram
1394 487 1575 524 asperitatem
1590 489 1688 525 paullo
1703 494 1767 527 post
1787 489 1905 528 Epicuri
1918 489 2062 527 mitigavit

379 545 517 574 facilitate
539 549 567 572 et
588 544 781 581 indulgentia;
811 543 862 572 sed
884 553 970 581 quum
992 543 1068 571 bona
1086 552 1154 580 pars
1174 542 1410 581 philosophorum
1432 543 1460 571 in
1480 543 1648 581 inquirenda
1669 555 1763 574 rerum
1783 551 1886 574 natura
1906 550 1992 584 atque
2012 555 2059 574 ve-

380 603 466 631 ritate
488 601 637 639 potissima.
659 601 828 629 collocasset
848 600 961 634 studia,
983 600 1019 628 de
1040 599 1074 627 iis
1098 609 1214 637 quoque
1236 599 1440 637 disputandum
1456 600 1608 628 videbatur
1623 601 1765 637 Luciano,
1788 603 1866 641 quod
1883 602 1950 631 fecit
1970 603 1999 630 in
2012 607 2060 633 52.

378 659 553 687 Hermotimo
574 659 631 686 sive
652 658 685 686 de
699 657 778 685 sectis
799 656 882 696 (περῖ
902 655 1057 696 αἱρέσεων)
1079 656 1161 691 libro,
1184 656 1260 684 unde
1282 656 1351 694 quid
1366 656 1493 684 Luciano
1510 657 1545 685 de
1559 658 1739 696 philosophia
1753 659 1845 687 visum
1859 660 1905 694 sit,
1926 659 2060 687 facillime

378 725 543 753 cognoscas.
584 714 684 751 Fingit
710 713 935 748 Hermotimum,
970 713 1100 750 quamvis
1122 722 1174 750 per
1200 713 1302 750 viginti
1324 723 1411 741 annos
1435 713 1497 751 jam
1528 713 1630 743 Stoicis
1658 720 1786 744 uteretur
1815 716 2060 753 praeceptoribus,

380 771 452 800 nihil
474 771 586 799 omnino
612 771 641 799 in
668 770 850 808 philosophia
871 769 1042 808 profecisse,
1075 769 1277 807 Socraticoque
1306 779 1384 798 more
1410 770 1495 798 istum
1516 770 1649 806 adducit,
1688 776 1720 800 ut
1746 772 1884 807 fateatur,
1919 776 2061 801 sectarum

377 829 503 857 omnium
524 828 620 856 studia
643 836 705 855 esse
726 836 801 854 vana
823 830 850 854 et
871 826 908 854 ad
929 826 1131 854 inveniendum
1151 826 1196 861 id,
1218 826 1295 864 quod
1316 831 1425 855 rectum
1447 831 1475 855 et
1496 827 1644 856 honestum
1664 828 1712 862 sit,
1734 829 1861 865 inutilia3
1883 829 1965 857 nimis
1987 829 2061 857 enim

376 885 482 914 multas
504 894 566 913 esse
587 883 822 922 philosophorum
843 882 1024 920 disciplinas,
1057 893 1142 920 quam
1163 893 1238 921 quae
1258 883 1307 911 vel
1328 893 1381 921 per
1401 883 1596 921 longissimam
1616 885 1777 913 mortalium
1809 886 1898 914 vitam
1927 890 2060 914 accurate

377 942 489 980 possint
507 940 656 979 coguosci;
679 949 777 968 omnes
798 943 949 977 praeterea
965 949 1059 967 errare
1080 949 1165 977 posse
1186 940 1391 978 philosophos,
1413 941 1595 978 quantumvis
1611 941 1639 968 iu
1654 941 1765 979 placitis
1788 946 1815 970 et
1836 942 1984 980 principiis
2005 942 2060 970 sibi

378 1002 517 1028 constent.
544 997 642 1026 Missis
663 997 761 1034 itaque
782 996 863 1024 vanis
885 1006 919 1024 ac
941 995 1070 1024 futilibus
1092 996 1334 1034 disputationibus
1356 997 1385 1025 id
1404 998 1487 1026 unice
1508 997 1650 1035 agendum
1675 1008 1735 1026 esse
1757 999 1933 1033 hominibus,
1954 1003 1986 1027 ut
2006 1008 2058 1027 suo

377 1055 499 1093 quisque
521 1054 583 1082 loco
605 1054 724 1082 honeste
746 1058 775 1081 et
795 1053 903 1081 utiliter
916 1053 1004 1081 vivat.
1044 1053 1202 1081 Lueianum
1217 1063 1280 1082 cum
1293 1054 1348 1082 ista
1363 1054 1515 1088 scriberet,
1537 1056 1576 1086 40
1590 1064 1677 1083 annos
1688 1056 1885 1094 natunrfuisse
1900 1057 1974 1095 (cap.
1991 1056 2061 1095 15.)‚

371 1112 434 1150 jam
455 1121 543 1149 supra
562 1110 702 1145 diximus3
727 1110 825 1148 itaque
846 1109 945 1137 videre
966 1109 1035 1138 licet
1054 1110 1083 1138 in
1104 1110 1157 1138 hoc
1178 1120 1265 1148 opere
1287 1110 1504 1148 diligentissime
1526 1111 1681 1147 elaborato,
1704 1122 1788 1150 quam
1801 1113 1914 1142 subtilis
1926 1113 2011 1142 fuerit
2031 1114 2060 1141 in

373 1168 532 1206 judicando
545 1190 551 1202 ‚
574 1177 659 1205 quam
681 1170 781 1195 acutus
802 1166 831 1194 in
853 1166 1036 1204 disputando.
1078 1166 1156 1195 Illud
1178 1167 1276 1201 etiam,
1304 1171 1441 1205 quantum
1462 1167 1595 1196 solertiae
1616 1168 1758 1197 Lucianus
1779 1169 1808 1197 in
1831 1170 2059 1208 philosophando

376 1229 546 1254 consecutus
568 1224 618 1259 sit,
652 1223 841 1258 demonstrat,
874 1223 951 1261 quod
980 1223 1160 1261 disciplinam
1189 1224 1332 1262 quandam
1364 1224 1490 1252 criticam
1516 1225 1643 1262 postulat
1671 1227 1757 1263 (69),
1792 1236 1866 1264 quae
1893 1227 1921 1254 in
1943 1227 2059 1255 summis

376 1291 473 1310 rerum
494 1280 641 1319 principiis
662 1280 704 1308 ita
725 1284 864 1314 versetur,
886 1285 918 1308 ut
938 1280 1003 1308 viae
1025 1290 1059 1309 ac
1072 1280 1197 1309 rationes
1218 1281 1396 1319 singularum
1410 1281 1625 1320 disciplinarum
1637 1282 1748 1310 facilius
1769 1283 1878 1321 possint
1899 1283 2058 1321 dijudicari.

375 1338 418 1367 At
437 1347 473 1366 ne
495 1348 558 1366 eam
579 1337 695 1375 quidem
717 1336 896 1374 disciplinam
916 1337 1015 1375 perfici
1035 1347 1120 1375 posse
1141 1337 1255 1373 statuit,
1285 1337 1362 1376 quod
1384 1338 1484 1366 ultima
1508 1348 1603 1367 rerum
1634 1338 1773 1377 principia
1793 1349 1850 1368 non
1869 1349 1921 1378 per
1942 1350 1973 1368 se
1994 1350 2058 1378 pos-

374 1395 433 1423 sint
453 1394 584 1431 intelligi,
606 1394 658 1422 sed
673 1403 690 1422 a
711 1393 831 1431 singulis
846 1393 1005 1422 hominibus
1025 1404 1078 1432 pro
1099 1394 1157 1422 suis
1179 1394 1300 1432 ingeniis
1322 1394 1437 1423 diversa
1457 1400 1613 1424 sumantur.
1647 1395 1749 1433 Itaque
1771 1396 1826 1424 duo
1839 1397 1963 1424 maxime
1984 1401 2058 1431 sunt,

373 1460 450 1489 quae
471 1451 499 1479 in
522 1450 721 1489 philosophiae
743 1450 838 1479 studio
868 1450 1074 1488 praecipienda
1100 1451 1235 1480 videntur
1259 1451 1402 1480 Luciano:
1434 1451 1556 1489 primum
1583 1454 1659 1490 νῆφε
1688 1452 1739 1483 καὶ
1757 1453 1893 1490 μέμνησο
1915 1451 2058 1483 α’πιστεῖν

374 1508 507 1536 hortatur
528 1517 592 1542 eos,
615 1507 664 1545 qui
683 1507 800 1535 nimium
822 1507 951 1536 tribuunt
970 1508 1204 1545 philosophorum
1219 1508 1383 1543 subtilitati3
1407 1508 1497 1536 altero
1511 1513 1606 1537 autem
1621 1514 1774 1547 praecepto
1787 1513 1896 1538 monet:
1923 1506 2058 1539 τᾰκοινοί

373 1566 475 1593 ταῦτα
497 1561 648 1604 πράττειν
669 1562 801 1604 ἄριστον
822 1562 916 1600 εἶναι,
938 1565 991 1593 καὶ
1010 1561 1064 1594 τόν
1085 1565 1154 1602 βίον
1171 1563 1273 1594 ἅπασι
1288 1561 1392 1595 κοινόν
1414 1567 1506 1602 βιοῦν
1528 1567 1580 1595 καί
1593 1566 1654 1599 τοῖς
1675 1566 1796 1599 πολλοῖς
1812 1562 2058 1603 συμπολιτεύειν.

373 1621 480 1650 Contra
502 1620 662 1649 Stoicorum
682 1625 833 1658 praeterea
854 1620 890 1649 de
911 1630 1019 1649 summo
1041 1621 1115 1649 bono
1137 1621 1292 1649 doctrinam
1315 1621 1466 1657 disseruit;
1494 1622 1573 1660 quod
1594 1623 1639 1651 isti
1660 1627 1795 1660 tanquam
1816 1622 1900 1650 finem
1919 1622 2058 1650 bonorum

372 1681 513 1712 statuant,
547 1687 641 1715 neque
664 1687 726 1706 esse
748 1677 854 1706 bonum
874 1687 968 1716 neque
988 1678 1049 1706 ulla
1071 1682 1132 1706 arte
1155 1678 1317 1706 hominibus
1339 1679 1560 1716 comparandum
1573 1701 1579 1713 ‚
1612 1679 1744 1707 virtutem
1766 1679 1840 1707 enim
1861 1688 1924 1707 esse
1946 1688 2056 1706 omnem

372 1739 518 1763 actuosam
539 1739 568 1762 et
588 1734 618 1762 in
637 1734 725 1762 rebus
746 1739 861 1763 strenue
883 1734 1033 1772 gerendis,
1061 1744 1119 1762 non
1139 1735 1167 1762 in
1189 1735 1340 1763 fallacibus
1362 1734 1522 1763 Stoicorum
1544 1736 1780 1764 conclusiunculis
1801 1735 1919 1764 versari.
1961 1735 2056 1772 Quare

370 1801 469 1819 omnes
490 1791 674 1829 philosophos
696 1791 732 1819 de
757 1791 828 1819 asini
848 1791 951 1819 umbra
976 1801 1105 1829 pugnare
1128 1791 1249 1829 judicat.
1292 1791 1354 1820 Nee
1375 1802 1444 1820 vero
1467 1802 1502 1820 ea
1525 1792 1561 1820 de
1583 1803 1669 1821 causa
1690 1793 1791 1821 artium
1811 1792 1973 1821 liberalium
1994 1792 2055 1829 phi-

370 1847 615 1885 losophorumque
642 1852 771 1876 veterum
802 1848 932 1886 neglexit
960 1848 1070 1882 studia,
1108 1848 1160 1876 sed
1190 1849 1227 1877 ab
1249 1849 1446 1877 subtilioribus
1467 1854 1577 1878 tantum
1601 1850 1799 1878 deterrebatur
1826 1849 2056 1886 inquisitionibus

372 1904 542 1942 placitorum
562 1905 754 1942 pugnantium
784 1905 858 1933 inter
891 1914 922 1933 se
944 1904 1134 1940 obscuritate,
1170 1910 1197 1933 et
1219 1915 1305 1943 quum
1327 1910 1430 1934 natura
1450 1916 1503 1934 sua
1533 1907 1571 1935 ad
1600 1907 1675 1935 vitae
1705 1907 1797 1943 magis
1824 1916 1907 1935 usum
1936 1906 2056 1934 animos-

372 1970 429 1999 que
452 1961 595 1989 hominum
616 1961 760 1989 subtiliter
780 1961 991 1999 pernoscendos
1013 1961 1180 1997 duceretur,
1201 1963 1278 1990 vitae
1300 1963 1441 1991 humanae
1462 1963 1562 1992 maluit
1586 1963 1741 2001 depingere
1764 1964 1919 2001 imagines,
1943 1963 2056 2002 quibuS,

371 2028 437 2046 cum
458 2017 495 2046 ad
517 2017 633 2046 satiram
654 2017 836 2046 scribendam
855 2018 930 2046 ultro
955 2018 1156 2053 delaberetur,
1192 2024 1220 2047 et
1249 2019 1464 2048 delectarentur
1491 2024 1519 2048 et
1541 2020 1749 2057 corrigerentur
1777 2021 1940 2058 aequalium
1962 2020 2056 2048 animi.

372 2074 476 2112 Itaque
497 2074 579 2102 brevi
600 2078 665 2112 post
693 2074 845 2112 Nigrinum
873 2074 996 2103 Athenis
1022 2075 1091 2103 mihi
1115 2075 1229 2104 videtur
1256 2076 1448 2114 composuisse
1466 2074 1620 2105 'Lucianus
1648 2077 1752 2111 libros,
1786 2077 1835 2115 qui
1865 2077 2057 2106 inscribuntur

370 2135 499 2162 52—55.
528 2131 711 2165 Saturnalia,
746 2131 934 2166 Cronosolon,
972 2133 1118 2169 Epistolae
1139 2134 1315 2167 saturnales,
1350 2143 1421 2171 quos
1443 2134 1589 2171 excipiunt
1611 2137 1657 2164 56.
1680 2135 1713 2161 (Ie
1734 2135 1858 2162 mercede
1878 2135 2007 2162 conducti
2027 2139 2055 2162 et

370 2191 420 2219 37.
444 2192 492 2219 58.
515 2197 648 2216 verarum
668 2189 849 2217 Izi-storiarum
871 2188 937 2217 libri
958 2188 1014 2217 duo
1043 2193 1071 2217 et
1091 2193 1138 2220 59.
1169 2190 1238 2218 liber
1258 2191 1292 2218 de
1313 2191 1431 2218 historia
1454 2191 1669 2224 conscribenda,
1703 2200 1825 2228 quorum
1850 2191 1977 2219 breviter
1993 2191 2055 2228 jam

372 2248 542 2272 enarrentur
563 2249 740 2282 argumenta.
782 2245 979 2274 Saturnalium
1001 2249 1059 2274 tres
1085 2245 1178 2274 libelli
1205 2246 1243 2275 ad
1264 2246 1352 2276 festos
1372 2247 1437 2275 illos
1458 2247 1567 2275 Romae
1589 2247 1750 2276 celebratos
1771 2252 1904 2286 spectant
1924 2248 2000 2283 dies,
2027 2252 2055 2276 et

370 2300 462 2339 primo
483 2301 598 2338 quidem
619 2302 756 2339 opusculo
776 2301 911 2330 sacerdos
929 2313 946 2330 a
968 2302 1091 2331 Saturno
1113 2302 1218 2331 frustra
1245 2304 1319 2342 petit
1341 2303 1471 2332 divitias:
1501 2304 1626 2332 secundo
1653 2305 1797 2333 Saturnus
1826 2304 1962 2333 divitibus
1984 2306 2056 2343 [eyes

409 2449 411 2451 ·
441 2443 492 2475 43)
511 2443 561 2473 Qui
581 2442 709 2475 Cynicum
728 2444 805 2468 etiam
823 2449 852 2468 ut
870 2445 1006 2476 Nigrinum
1033 2449 1136 2477 propter
1155 2451 1361 2478 argumentorum
1387 2447 1540 2478 gravitatem
1559 2454 1575 2470 a.
1600 2447 1714 2471 Luciano
1742 2448 1865 2480 scriptum
1892 2451 2003 2479 negant,
2029 2450 2058 2470 ut

513 2491 622 2516 Solanus
642 2492 704 2522 alii,
733 2501 822 2525 parum
842 2493 906 2517 mihi
923 2493 1042 2518 videntur
1059 2494 1168 2518 Luciani
1191 2495 1324 2527 ingenium
1344 2496 1514 2528 perspexisse.
1559 2495 1653 2520 Melius
1672 2496 1721 2521 hac
1739 2496 1769 2520 de
1787 2505 1814 2520 re
1834 2496 1974 2528 disputavit
1992 2495 2057 2519 Leh-

513 2548 589 2564 mann
606 2540 651 2571 IX,
670 2544 730 2569 475.

1715 2592 1768 2622 δίε·
