2280 2777
355 233 525 263 monstravit
546 243 583 262 ex
603 233 755 261 Pausania.
798 232 868 262 Stoa
888 243 950 271 cap.
969 237 996 265 1.
1017 233 1161 262 nominata
1181 234 1250 262 mihi
1271 234 1387 272 quidem
1409 234 1541 263 Athenas
1563 234 1676 264 videtur
1696 234 1840 270 indicare;
1870 244 1943 272 quae
1964 243 2034 263 vero

357 301 419 329 cap.
434 295 480 322 22.
493 292 540 322 24.
560 290 697 328 leguntur
716 289 807 318 verba
827 289 951 324 πολλαῖς
971 288 1048 319 ἐτῶν
1069 287 1226 327 περιόδοις
1248 295 1276 319 et
1296 289 1434 320 τοσάτων
1452 291 1527 321 ἑτῶν
1542 291 1580 320 ad
1593 291 1734 320 rhetorica
1744 294 1854 320 tantum
1867 300 1919 329 per
1933 290 2033 320 decem

356 347 415 376 fere
438 356 526 375 annos
548 346 711 375 continuata
732 346 841 381 studia,
862 356 918 375 non
939 346 976 375 ad
997 350 1172 374 senectutem
1192 347 1326 381 Luciani,
1357 352 1388 376 ut
1409 347 1590 377 Wielandius
1612 353 1639 376 et
1664 348 1845 376 Lehmannus
1872 347 2034 382 voluerunt,

356 407 422 433 sunt.
442 403 600 432 referenda.
643 402 739 439 Quare
759 403 827 432 licet
847 413 902 431 non
924 403 961 431 ad
982 402 1204 441 perfectissimae
1226 403 1294 431 artis
1323 413 1448 431 normam
1477 405 1608 442 exposita
1635 405 1742 433 dixeris
1772 404 1881 440 omnia,
1912 404 2035 432 Luciaui

356 465 452 489 tamen
474 469 537 488 esse
558 463 690 497 putamus
711 460 786 489 hunc
807 459 937 488 libellum
959 463 1074 497 propter
1096 459 1242 497 egregias,
1266 470 1339 497 quae
1361 460 1389 487 in
1410 460 1536 489 secunda
1558 465 1639 499 parte
1661 462 1773 490 elucent
1793 461 1912 490 virtutes
1930 464 2033 489 totum-

356 526 412 555 que
439 516 649 554 compositionis
677 526 768 554 genus
781 516 828 554 33).
871 516 964 545 Paulo
995 520 1061 554 post
1088 525 1150 551 eos,
1180 526 1251 554 quos
1279 516 1362 544 modo
1385 517 1602 545 memoravimus
1630 518 1744 546 libellos
1773 517 1872 555 scripti
1899 517 2034 546 videntur

356 577 403 605 26.
426 577 473 604 27.
514 574 727 611 Pseudologsz'sta
749 583 771 601 s.
794 574 946 611 Apophras
969 578 997 602 et
1017 573 1153 601 somnium
1175 574 1304 602 chcicmz'.
1348 573 1530 608 Timarchus,
1552 574 1647 602 rhetor
1669 574 1785 612 quidam
1807 574 1948 612 Ephesius
1970 575 2032 613 (10.

355 636 403 663 22.
419 630 488 668 27.),
511 639 596 668 quem
616 629 760 658 Lucianus
774 630 975 658 contumelioso
995 630 1109 658 nomine
1130 627 1317 669 ἀποφράδα,
1339 629 1356 657 i.
1374 639 1398 657 e.
1419 630 1559 658 nefastum
1578 635 1744 665 vocaverat⁷
1766 631 1947 659 acerbissime
1968 640 2033 669 per-

354 687 517 725 stringitur,
545 686 622 725 quod
645 690 761 724 propter
783 686 961 715 insolentiam
979 687 1064 724 hujus
1086 686 1163 714 vocis
1184 686 1341 714 Lucianum
1362 686 1493 724 impolito
1516 692 1543 715 et
1563 686 1685 715 barbaro
1707 687 1842 716 sermonis
1863 697 1968 725 genere
1990 687 2033 716 uti

354 744 477 772 dixerat.
519 743 599 780 Quae
621 743 657 771 de
678 743 738 771 vita
760 747 788 771 et
809 743 845 772 dc
866 743 991 772 moribus
1014 743 1098 781 hujus
1121 743 1264 774 Timarehi
1285 744 1468 781 proferuntur
1490 744 1666 781 turpissima,
1698 744 1801 782 partim
1822 744 1878 772 fide
1899 744 2035 772 videntur

356 810 468 835 carere,
489 801 593 838 partim
613 801 716 829 similia
737 804 802 829 sunt
822 799 870 833 iis,
892 810 966 837 quae
980 800 1123 828 Lucianus
1144 800 1173 828 in
1189 800 1260 828 alios
1275 800 1359 828 etiam
1381 800 1506 828 homines
1525 799 1578 828 sibi
1599 800 1712 829 infestos
1734 801 1886 829 inhumana
1907 800 2033 838 quadam

355 858 551 895 inurbanaque
574 857 725 886 dicacitate
749 857 892 894 congessit
915 857 1042 885 convicia
1064 858 1107 895 (ut
1129 856 1266 886 adversus
1288 857 1449 891 indoctum,
1472 857 1626 885 Eunuchus
1642 857 1716 895 otc).
1758 857 1860 895 ltaque
1874 857 1927 885 nisi
1948 857 2033 885 malis

355 924 480 948 sumere,
503 914 650 952 exemplar
671 914 752 951 quasi
774 913 1010 942 declamationum
1028 913 1210 948 acerbarum,
1233 913 1310 951 quod
1327 913 1458 941 dictionis
1473 922 1564 951 genus
1585 914 1680 951 generi
1702 914 1848 942 laudativo
1869 914 2031 952 oppositum

356 975 446 1006 esset,
478 971 564 999 edere
585 971 709 999 voluisse
730 970 901 1004 Lucianuin,
931 970 1052 998 eundem
1077 975 1174 999 contra
1200 970 1326 999 inimicos
1350 970 1497 998 atrocitate
1520 974 1605 1007 atque
1629 970 1788 1006 iracundia,
1823 980 1896 1009 quae
1917 971 2031 998 homine

354 1027 467 1056 liberali
487 1031 573 1065 atque
594 1027 718 1064 ingenuo
740 1037 855 1065 prorsus
878 1027 996 1064 indigna
1016 1027 1083 1062 fuit,
1114 1027 1249 1056 saeviisse
1271 1027 1453 1055 statuendum
1476 1031 1527 1055 est.
1559 1042 1598 1046 —
1636 1027 1668 1055 In
1689 1027 1794 1055 somnio
1814 1031 1908 1056 autem
1930 1027 2032 1055 Lucia-

353 1094 422 1119 nus,
443 1084 536 1112 redux
556 1088 588 1112 ut
608 1084 720 1112 videtur
742 1094 778 1111 ex
800 1083 910 1118 Gallia,
943 1084 1192 1112 Samosatensibus
1214 1084 1394 1121 eloquentiae
1423 1093 1490 1112 snae
1512 1083 1618 1121 ubique
1641 1085 1700 1122 jam
1722 1084 1848 1121 gentium
1869 1084 2033 1112 celebratae

354 1141 490 1170 exhibere
514 1141 604 1169 voluit
624 1140 782 1178 specimen,
816 1140 949 1178 vitaeque
971 1150 1039 1169 suae
1061 1141 1222 1169 narratione
1252 1140 1289 1169 ad
1316 1141 1462 1168 literarum
1491 1140 1585 1169 studia
1613 1141 1768 1174 exhortari,
1800 1140 1848 1178 qui
1878 1140 2031 1168 erectiores

354 1198 469 1236 ingenio
492 1202 600 1232 essent,
632 1197 859 1225 adolescentulos
886 1198 1117 1235 pauperibusque
1145 1207 1196 1225 suo
1225 1197 1357 1235 exemplo
1385 1197 1529 1235 proposito
1559 1198 1681 1225 animum
1709 1197 1823 1225 addere.
1867 1197 1972 1232 Totus,
1999 1200 2034 1225 ut

354 1258 431 1283 recte
452 1254 523 1282 vidit
544 1254 717 1282 WVetzlarius
740 1254 778 1291 (p.
794 1254 848 1291 9.),
881 1254 979 1282 somnii
1002 1259 1082 1282 tenor
1104 1254 1261 1282 Luci-auum
1282 1254 1358 1282 vitae
1380 1254 1552 1292 sophisticae
1574 1254 1710 1282 rationem
1730 1254 1859 1292 proxime
1881 1253 2033 1291 reliquisse

356 1315 443 1349 atque
466 1312 495 1339 in
516 1311 573 1339 alia
592 1320 623 1338 re
644 1310 768 1338 nondum
790 1316 958 1348 occupatum
980 1311 1066 1339 fnisse
1088 1315 1256 1349 argumento
1279 1315 1330 1338 est.

512 1367 580 1397 Jam
600 1378 668 1396 vero
689 1368 789 1396 relicta
810 1368 968 1395 rhetoricae
990 1368 1066 1396 vitae
1088 1368 1261 1396 institutione
1282 1368 1418 1402 Romam,
1441 1367 1507 1396 dein
1527 1368 1656 1396 Athenas
1673 1377 1702 1396 se
1718 1367 1858 1396 convertit
1874 1366 2030 1402 Lueianus,

353 1424 403 1452 ubi
423 1424 623 1462 philosophiae
644 1429 734 1453 totum
753 1434 784 1452 se
807 1424 901 1459 daret,
932 1425 972 1452 ita
999 1430 1109 1460 tamen,
1142 1429 1173 1453 ut
1195 1424 1332 1462 ejusmodi
1361 1425 1543 1462 gravioribus
1573 1425 1673 1453 studiis
1700 1428 1855 1463 occupatus
1882 1424 2030 1452 relaxaret

353 1480 495 1509 interdum
516 1482 560 1520 (ut
579 1481 642 1520 ipsc
663 1481 736 1510 dixit
757 1491 842 1510 verae
864 1481 998 1510 historiae
1014 1482 1074 1517 I,1.
1092 1481 1132 1519 2.)
1155 1481 1278 1510 animum
1298 1481 1454 1510 levioribus
1470 1481 1684 1520 scriptionibus,
1712 1481 1739 1509 in
1761 1481 1864 1519 quibus
1886 1480 2030 1509 obscoena

355 1541 383 1565 et
404 1547 505 1575 parum
525 1538 632 1576 pudica
652 1538 787 1566 nonnulla
808 1538 901 1566 inesse
921 1537 950 1566 in
971 1538 1042 1566 tanti
1066 1538 1173 1576 ingenii
1199 1538 1261 1566 viro
1288 1538 1442 1567 dolendum
1471 1538 1593 1574 dixeris,
1624 1539 1727 1576 quippe
1749 1538 1794 1566 cui
1814 1547 1869 1565 non
1890 1537 1920 1565 id
1943 1546 2032 1575 agen-

353 1594 420 1622 dum
433 1598 524 1629 esset,
546 1598 577 1623 ut
591 1595 740 1632 imperitae
757 1594 946 1623 multitudinis
963 1595 1125 1633 voluptaria
1141 1595 1260 1623 lectione
1275 1595 1453 1633 aucupioque
1469 1595 1591 1633 quodam
1608 1595 1801 1624 delectationis
1818 1595 1945 1624 alliceret
1965 1604 2029 1624 sen-

352 1660 401 1680 sus
423 1661 526 1689 parum
548 1652 654 1686 cultos,
677 1652 728 1680 sed
749 1656 781 1680 ut
802 1652 838 1680 ad
861 1652 962 1680 altiora
984 1656 1012 1680 et
1032 1652 1274 1689 magnificentiora
1297 1652 1420 1690 erigeret
1439 1652 1602 1690 aequalium
1619 1653 1733 1681 animos.
1765 1652 1923 1690 Depravati
1939 1651 2031 1681 seculi

352 1717 466 1736 servum
488 1709 571 1746 quasi
592 1718 623 1737 se
643 1709 741 1746 gessit,
762 1719 820 1737 non
842 1709 1052 1737 emendatorem
1073 1709 1101 1736 in
1124 1718 1156 1737 eo
1177 1709 1265 1743 libro,
1288 1719 1371 1746 quem
1392 1709 1500 1738 Romae
1522 1709 1617 1738 forsan
1638 1710 1684 1737 vel
1705 1709 1732 1737 in
1755 1709 1850 1737 Gallia
1870 1708 2031 1747 composuit

351 1768 389 1796 28
410 1766 443 1793 de
464 1766 621 1800 amoribus,
644 1775 728 1803 quem
750 1765 846 1803 paullo
868 1770 931 1803 post
954 1766 1067 1804 excepit
1090 1770 1120 1794 ut
1142 1765 1256 1794 videtur
1278 1770 1324 1797 29.
1353 1767 1458 1795 Lucius
1485 1767 1543 1795 sii-e
1565 1768 1670 1795 asinus.
1711 1767 1826 1795 Amores
1847 1775 1906 1794 rem
1927 1776 1944 1794 a
1963 1765 2032 1793 Pla-

350 1825 415 1849 tone
437 1821 465 1849 in
492 1821 625 1850 Phaedro
654 1826 758 1851 tactam
786 1823 925 1860 copiosius
954 1826 1109 1860 exponunt.
1157 1822 1364 1860 Colloquuntur
1394 1822 1468 1851 inter
1496 1833 1526 1852 se
1555 1823 1706 1852 familiares
1732 1823 1759 1851 in
1791 1823 1907 1858 itinere,
1935 1826 2030 1851 utrum

352 1887 430 1906 amor
456 1888 608 1916 puerorum
629 1888 666 1907 an
686 1879 835 1908 mulierum
857 1879 1032 1908 consuetudo
1054 1883 1196 1918 praestet,
1228 1889 1301 1917 quae
1324 1880 1453 1917 quaestio
1475 1890 1491 1908 a
1512 1880 1595 1908 tertio
1624 1880 1747 1918 quodam
1774 1880 1880 1908 arbitro
1907 1879 1948 1908 ita
1974 1878 2031 1907 dis-

353 1938 497 1972 ceptatur,
533 1939 565 1963 ut
595 1935 726 1973 conjugia
747 1936 848 1974 vulgo,
884 1946 993 1965 amores
1022 1946 1174 1974 puerorum
1203 1937 1379 1975 sapientibus
1400 1937 1492 1975 magis
1517 1937 1695 1965 conveniant.
1737 1935 1804 1974 Ipse
1826 1940 1923 1964 auctor
1945 1945 2032 1964 excu-

352 2001 416 2019 sare
437 1991 551 2020 videtur
572 1992 629 2020 tale
650 1992 690 2020 rei
711 1997 908 2030 argumentum
930 1994 966 2031 (e.
986 1994 1040 2031 ¹1.);
1062 1993 1127 2021 lusu
1149 1993 1221 2021 enim
1243 1993 1380 2022 amatorio
1402 1993 1592 2032 hilariumque
1615 2003 1774 2022 sermonum
1796 1996 1946 2021 venustate
1968 1991 2031 2031 (qui

352 2057 414 2085 cap.
430 2053 451 2078 t.
476 2048 582 2077 Milesii
600 2059 739 2077 sermones
750 2050 940 2087 nominantur)
952 2050 1056 2078 remitti
1079 2059 1282 2088 nonnunquam
1302 2050 1408 2078 debere
1422 2051 1538 2085 animos,
1561 2051 1608 2088 qui
1630 2054 1795 2088 perpetuam
1814 2049 2032 2083 contentionem,

354 2114 543 2142 curarumque
565 2106 744 2134 assiduarum
766 2106 868 2134 molem
889 2106 1028 2136 sustinere
1050 2111 1201 2145 nequeant.
1242 2107 1283 2135 At
1305 2107 1387 2135 nimis
1409 2112 1521 2145 turpem
1550 2118 1611 2135 esse
1638 2107 1782 2144 dialogum
1812 2115 2029 2143 sermonemque

354 2161 436 2189 nimis
457 2161 584 2190 inflatum
606 2167 634 2191 et
654 2162 807 2199 tumidum,
829 2173 915 2201 quam
931 2164 979 2201 qui
995 2164 1156 2193 Lucianeus
1173 2164 1263 2202 possit
1284 2164 1392 2199 haberi,
1413 2165 1512 2193 videre
1534 2164 1588 2193 sibi
1609 2164 1662 2192 visi
1680 2163 1903 2201 sunt.Paulyus,
1924 2163 2032 2191 Kuste-

390 2304 440 2335 55)
460 2304 539 2327 confr.
558 2303 642 2336 Pauly
669 2304 773 2328 Uebers.
792 2305 816 2329 S.
838 2309 920 2333 1752:
955 2306 1006 2330 Mir
1025 2306 1125 2331 scheint
1144 2306 1214 2331 diese
1233 2307 1386 2340 geistrciehe
1406 2306 1501 2331 Scin-ist
1519 2307 1545 2329 in
1565 2305 1605 2329 dic
1625 2305 1719 2329 lctzten
1743 2305 1833 2329 Zciten
1859 2304 1903 2328 der
1921 2304 2028 2328 rhetori-

457 2352 535 2376 schen
553 2351 690 2377 Laufbahn
709 2353 820 2378 Lueians
839 2363 871 2378 zu
890 2355 983 2379 fallen:
1012 2355 1052 2379 die
1076 2355 1230 2387 angebliehe
1250 2355 1453 2380 Unalmlichkcit
1481 2355 1525 2379 des
1545 2354 1607 2378 Stils
1626 2354 1722 2378 betrifft
1741 2353 1806 2378 doch
1831 2352 2029 2385 grosstentheils

457 2409 504 2425 nur
523 2401 563 2425 die
584 2401 641 2425 dem
659 2401 834 2434 Thersagoras
853 2404 879 2427 in
899 2403 948 2428 den
966 2404 1046 2428 Mund
1071 2404 1174 2436 gelegte
1201 2405 1285 2435 Rede,
1319 2405 1394 2428 deren
1421 2404 1533 2436 gezierte
1552 2403 1659 2427 Diction
1678 2402 1793 2426 offenbar
1812 2401 1967 2426 absichtlich
1985 2401 2030 2430 ist,

458 2449 509 2473 und
529 2450 661 2474 vielleieht
680 2451 736 2476 eine
754 2452 916 2484 personliche
935 2453 1083 2486 Bezichung
1102 2454 1161 2484 hat,
1180 2454 1259 2479 confr.
1279 2457 1357 2486 praet.
1377 2452 1496 2477 Wieland
1516 2456 1539 2482 6,
1559 2455 1619 2481 623,
1650 2451 1764 2475 WVetzlar
1783 2459 1806 2483 p.
1828 2455 1869 2478 24.
1897 2450 2031 2475 Lehmann

459 2498 503 2529 IX,
523 2502 581 2526 127.
600 2503 660 2527 425.
