2280 2777
944 161 1198 196 „14ss

239 265 415 300 defenditur-3
451 273 512 292 esse
535 263 608 292 enim
636 272 697 291 eam
728 267 816 292 artem
843 262 1036 299 utilissimam,
1066 264 1300 299 vetustissimam,
1331 265 1536 294 suavissimam.
1576 267 1756 297 Festinanter
1777 269 1911 307 scriptam

237 332 304 351 esse
327 322 399 350 hanc
420 319 654 349 declamationem
675 323 703 347 et
724 320 752 347 in
774 319 934 349 auditorum
952 321 1074 359 gratiam
1096 321 1157 349 sive
1179 321 1326 349 mimorum
1348 322 1526 359 quorundam
1547 324 1817 365 commendationem
1838 335 1910 354 com-

238 379 374 416 positam,
409 386 445 405 ex
477 386 510 404 eo
532 375 616 404 etiam
638 375 739 413 conjici
760 380 867 413 potest,
896 377 974 415 quod
998 378 1125 406 Deorum
1153 377 1266 406 fabulas
1291 382 1352 406 arte
1379 377 1491 407 mimica
1516 380 1605 408 oculis
1638 381 1782 409 hominum
1805 382 1908 420 subjici

235 434 378 463 Lucianus
398 433 426 461 in
448 432 523 460 illius
544 431 585 459 rei
606 431 721 460 laudem
742 432 857 470 profert.
897 434 931 462 In
950 436 1059 463 Toaeari
1069 434 1106 473 ³¹)
1130 434 1266 472 Scytham
1288 444 1351 463 cum
1367 433 1478 463 Graeco
1495 435 1686 474 disputantem
1707 437 1824 473 inducit,
1844 442 1910 467 utra

235 490 312 519 natio
340 488 464 517 sanctius
492 488 566 516 colat
596 488 755 517 amicitiam.
799 489 892 526 Quina
918 496 1038 529 uterque
1070 496 1167 520 narrat
1193 491 1332 529 probatae
1361 491 1513 520 amicorum
1539 492 1604 521 fidei
1634 495 1766 532 exempla
1793 495 1910 523 omisso-

236 556 293 584 que
325 545 473 574 certamine
508 544 563 582 ipsi
590 544 663 573 inter
694 555 724 573 se
749 546 875 584 jungunt
907 548 1067 576 amicitiam.
1119 548 1201 576 Ficta
1229 552 1294 576 sunt
1321 548 1453 585 exempla
1478 552 1506 577 et
1533 559 1550 577 a
1575 549 1630 577 fide
1658 550 1793 579 historiae
1822 551 1909 580 valde

233 603 340 636 aliena,
373 610 459 639 quare
481 610 518 628 ex
541 610 588 636 eo,
623 601 701 640 quod
722 603 796 641 (cap.
818 603 878 641 34.)
900 603 998 639 homo,
1035 605 1086 642 qui
1108 605 1268 633 etiamnunc
1289 604 1485 633 Alexandriae
1505 605 1598 641 vivat,
1628 607 1803 643 nominatur,
1837 608 1909 637 nihil

233 658 271 686 ad
289 657 422 686 seriorem
441 657 525 695 hujus
546 657 638 686 libelli
664 663 786 687 aetatem
817 659 944 688 efficitur.
986 661 1049 689 Hoc
1072 666 1099 690 et
1121 671 1204 699 quem
1227 665 1310 689 antea
1329 661 1540 690 numeravimus
1560 661 1658 691 libello
1678 663 1839 692 fabularum
1859 664 1910 693 mi-

232 714 365 742 lesiarum
395 714 475 752 quasi
505 719 692 752 praeparatur
720 725 819 753 genus.
862 716 1015 745 Laudativi
1044 727 1066 746 s.
1094 717 1311 746 demonstrativi
1343 715 1574 756 (ἕπιὸεικτικᾶν)
1608 719 1766 757 scriptionis
1794 721 1908 758 generis

230 771 363 808 exempla
389 771 539 809 proposuit
566 771 708 800 Lucianus
735 772 763 800 in
792 773 966 810 inmyim'bus.
1008 773 1152 809 Panthea,
1182 775 1259 812 regis
1287 774 1435 812 cujusdam
1462 774 1567 810 amica,
1601 776 1663 814 (15)
1689 776 1724 804 iis
1745 777 1908 806 celebratur

234 827 385 862 laudibus,
421 833 453 856 ut
473 837 571 857 omnes
602 832 630 856 et
653 829 738 857 animi
760 833 787 857 et
810 830 934 867 corporis
955 830 1074 858 virtutes
1096 830 1123 858 in
1139 830 1189 858 illa
1211 835 1385 869 appareaut3
1415 832 1477 869 jam
1497 841 1565 860 vero
1586 833 1663 870 quod
1684 833 1802 862 Deabus
1823 834 1907 863 etiam

233 883 311 912 illam
331 883 451 912 finxerat
471 885 724 922 praestantiorem,
746 885 875 914 Panthea
889 896 990 924 parum
1006 886 1035 914 in
1056 887 1194 925 ejusmodi
1209 888 1343 917 laudibus
1365 888 1537 926 accipiendis
1555 889 1711 918 modestiae
1730 891 1777 918 vel
1793 890 1908 928 pietatis

232 940 291 968 sore
312 945 387 975 rata,
407 941 564 970 Lucianum
585 942 812 980 vituperaverat,
844 952 930 980 quam
950 943 987 971 ob
1009 953 1068 972 rem
1088 944 1133 972 hic
1156 944 1274 973 alteram
1296 945 1415 974 instituit
1437 945 1670 974 declamationem
1693 946 1760 985 (pro
1780 948 1908 986 imagini-

230 997 309 1034 bus),
337 1007 395 1034 qua
415 997 563 1026 Pantheae
584 998 684 1027 laudes
705 999 733 1027 in
753 1000 844 1037 majus
866 1000 951 1028 etiam
973 1005 1122 1038 augentur.
1163 1001 1294 1030 Panthea
1315 1012 1401 1040 quum
1422 1007 1540 1032 vocetur
1561 1004 1638 1042 regis
1659 1004 1750 1032 amica
1771 1008 1800 1032 et
1820 1014 1907 1042 quum

232 1052 391 1091 Smyrnaea
411 1054 551 1089 videatur,
574 1056 634 1094 (10.
652 1055 691 1093 2.)
713 1056 794 1084 Lucii
808 1055 878 1084 Veri
900 1056 1079 1094 imperaton's
1101 1058 1287 1087 concubinam
1305 1059 1447 1097 depictam
1470 1070 1546 1095 esse,
1569 1066 1648 1089 erant
1663 1061 1712 1099 qui
1732 1061 1908 1099 suspicaren-

229 1113 290 1143 tur,
325 1110 373 1138 alii
405 1111 504 1139 Avidii
527 1111 632 1146 Cassii,
664 1112 709 1140 vel
738 1113 827 1140 Marci
850 1113 962 1141 Aurelii
991 1124 1095 1142 uxores
1124 1115 1171 1143 vel
1203 1116 1307 1144 amicas
1335 1116 1604 1154 interpretabantur.
1647 1118 1726 1154 Quae
1754 1118 1848 1146 omnia
1875 1121 1907 1146 ut

229 1166 417 1195 demonstrari
437 1168 515 1196 nullo
536 1173 621 1206 pacto
643 1174 775 1206 possunt,
798 1170 837 1197 ita
858 1170 986 1208 ineptum
1007 1171 1120 1200 omnino
1142 1171 1256 1200 ridetur
1277 1173 1414 1210 ejusmodi
1436 1174 1617 1211 quaestiones
1637 1184 1813 1212 proponere,
1842 1184 1905 1202 eum

228 1223 398 1252 rhetoricam
420 1225 651 1253 exercitationem
672 1225 725 1254 hoc
747 1226 820 1254 libro
843 1227 979 1255 contineri
1008 1237 1105 1255 omnes
1133 1228 1312 1266 intelligant,
1346 1234 1373 1258 et
1400 1230 1463 1267 ipse
1490 1229 1602 1259 fucatus
1629 1241 1662 1259 ac
1686 1231 1769 1259 nimis
1790 1235 1906 1259 ornatus

229 1290 322 1309 sermo
339 1281 468 1319 juvenile
491 1291 553 1310 esse
575 1292 648 1320 opus
669 1283 737 1311 satis
759 1282 894 1312 declaret.
944 1284 1039 1320 Quare
1060 1294 1115 1312 non
1137 1285 1270 1314 audiendi
1299 1291 1377 1321 sunt,
1409 1287 1457 1325 qui
1478 1291 1597 1325 propter
1617 1288 1691 1316 hunc
1711 1287 1816 1315 librum
1838 1287 1906 1316 adu-

227 1336 341 1365 lationis
361 1338 540 1376 turpissimae
561 1338 727 1367 inurendam
749 1349 811 1368 esse
832 1340 959 1369 Luciano
982 1350 1116 1369 censuere
1137 1346 1232 1370 notam
1247 1342 1294 1380 3²).
1337 1343 1392 1380 Qui
1418 1345 1612 1373 Demosthenis
1635 1345 1785 1373 encomium
1808 1344 1906 1373 inscri-

227 1393 307 1422 bitur
326 1394 456 1430 libellus,
486 1395 528 1424 ita
549 1399 592 1424 est
613 1396 799 1434 compositus,
831 1401 864 1425 ut
893 1397 1036 1426 Lucianus
1065 1398 1156 1436 (quod
1177 1398 1262 1428 Plato
1289 1400 1374 1429 etiam
1395 1400 1461 1429 fecit
1488 1401 1517 1429 in
1536 1400 1682 1439 Phaedro)
1710 1401 1904 1429 laudationem

228 1450 430 1480 Demosthenis
451 1452 487 1480 ab
512 1452 685 1490 ineptissimo
706 1453 820 1482 rhetore
841 1453 1023 1492 Thersagora
1043 1455 1145 1483 misere
1160 1456 1345 1494 compositam
1366 1457 1495 1495 egregia,
1518 1467 1602 1495 quam
1624 1458 1685 1496 ipse
1707 1457 1850 1492 adhibitis,
1871 1461 1904 1486 ut

229 1507 284 1543 ait,
305 1507 500 1537 Macedonicis
522 1510 728 1538 commentariis
751 1510 952 1539 elaboraverat
979 1511 1104 1540 oratione
1131 1513 1271 1542 emendet.
1313 1514 1347 1542 In
1374 1519 1464 1542 morte
1492 1514 1692 1543 Demosthenis
1722 1514 1905 1553 depingenda

225 1563 417 1602 laudibusque
439 1564 475 1593 ab
495 1565 572 1594 illius
594 1566 707 1595 inimico
730 1567 882 1605 Antipatro
904 1568 932 1596 in
955 1578 1018 1597 eum
1040 1570 1150 1599 collatis
1171 1571 1315 1599 Lucianea
1336 1575 1466 1599 versatur
1486 1571 1628 1605 laudatio,
1649 1581 1723 1609 quae
1745 1571 1813 1599 satis
1832 1571 1904 1599 mul-

225 1621 262 1649 tis
281 1621 443 1650 hominibus
465 1622 568 1651 criticis
596 1623 742 1652 subditiva
762 1624 878 1653 videtur
905 1635 975 1654 esse.
1019 1626 1184 1656 Sermonem
1214 1628 1288 1656 enim
1310 1637 1372 1656 esse
1393 1628 1545 1663 tumidum,
1581 1628 1786 1666 expositionem
1806 1637 1901 1656 rerum

225 1677 359 1715 frigidam
380 1683 407 1707 et
428 1679 630 1717 sophisticam,
661 1681 842 1718 perspexisse
871 1682 926 1710 sibi
955 1683 1127 1712 videbantur
1152 1684 1309 1719 Kusterus‚
1342 1685 1386 1713 La
1412 1684 1545 1720 Crozius,
1577 1685 1714 1719 Solanus,
1745 1684 1901 1713 Marsilius.

227 1733 401 1763 Wetzlarius
424 1736 463 1774 (p.
482 1736 532 1774 24)
562 1736 591 1765 in
610 1741 739 1765 neutram
761 1744 871 1775 partem
901 1740 999 1768 confici
1025 1750 1110 1778 posse
1138 1750 1197 1769 rem
1219 1746 1312 1777 ratus,
1345 1741 1480 1770 Grauerti
1500 1746 1594 1770 tamen
1616 1741 1785 1770 sententiam
1805 1741 1901 1779 magni

227 1790 326 1825 habet,
360 1793 409 1830 qui
430 1792 465 1821 ab
487 1793 640 1831 Antipatro
662 1795 752 1823 multa
778 1796 834 1824 dici
865 1800 961 1834 putat,
997 1807 1070 1835 quae
1092 1808 1110 1826 a
1129 1797 1290 1826 Luciaueae
1313 1799 1381 1827 artis
1402 1799 1510 1827 ratione
1532 1799 1587 1827 sint
1609 1799 1710 1827 aliena.
1752 1798 1812 1827 Nos
1832 1808 1902 1826 vero

225 1857 290 1876 cum
311 1848 436 1877 Gesnero
464 1854 491 1878 et
518 1850 684 1879 Wielandio
706 1862 723 1880 a
744 1852 870 1881 Lucimio
892 1853 1026 1891 (Athenis
1054 1854 1185 1893 tortasse)
1215 1856 1350 1894 scriptum
1380 1855 1522 1884 credimus
1552 1856 1626 1885 hunc
1654 1857 1784 1886 libellum
1811 1866 1902 1895 eaque

225 1909 335 1940 aetate,
365 1905 414 1934 ubi
434 1906 534 1944 pigere
557 1917 620 1936 eum
638 1909 696 1946 jam
719 1909 811 1947 coepit
833 1910 901 1938 artis
929 1911 1086 1940 rhetoricae
1114 1917 1234 1950 propter
1257 1913 1431 1941 aemulorum
1458 1913 1486 1941 iu
1514 1913 1677 1952 eloquentia
1704 1914 1853 1943 stultitiam
1874 1919 1902 1942 et

226 1962 390 1999 nequitiam.
432 1963 627 1993 Alexandriae
649 1966 785 2003 scriptum
807 1976 869 1994 esse
890 1967 994 1996 librum
1017 1978 1052 1996 ex
1073 1968 1302 1998 Ptolemaeorum
1323 1970 1450 2008 templo,
1488 1970 1565 2007 quod
1588 1981 1649 2009 cap.
1673 1976 1699 2003 2.
1721 1976 1901 2006 memoratur,

225 2018 363 2056 suspicati
384 2024 449 2048 sunt
468 2021 612 2057 nonnulli,
644 2027 743 2051 contra
774 2033 846 2061 quos
876 2023 1021 2053 Gesnerus
1044 2025 1273 2055 Ptolemaeorum
1295 2027 1474 2065 gymnasium
1495 2026 1618 2056 Athenis
1640 2028 1724 2056 etiam
1745 2028 1831 2057 tuisse
1853 2028 1902 2056 de-

327 2188 386 2213 dero
405 2189 512 2214 Luciani
531 2199 581 2215 non
602 2199 657 2216 esse
671 2191 813 2215 videbatur.
853 2192 960 2216 Prellcri
980 2195 1133 2220 sententiam
1154 2195 1372 2228 comprobaveris:
1391 2195 1576 2228 Real-Encykl.
1595 2197 1638 2227 lv,
1658 2200 1743 2224 1179:
1770 2197 1804 2221 Es
1820 2196 1901 2221 findet

330 2238 385 2262 sich
404 2239 430 2262 in
450 2239 544 2263 diesem
564 2241 644 2265 Stiick
664 2241 705 2264 ein
726 2241 1128 2273 sensualistisch-epikureischer
1147 2244 1225 2276 Hang
1243 2253 1267 2269 u.
1285 2253 1304 2269 s.
1323 2253 1354 2268 w.

256 2285 309 2317 51)
328 2286 400 2315 Quod
418 2287 450 2311 ad
469 2292 576 2320 tempus,
597 2297 646 2320 quo
666 2290 709 2314 hic
727 2290 792 2314 liber
808 2290 910 2314 videtur
928 2291 1046 2322 scriptus,
1067 2293 1167 2322 attinet,
1187 2294 1300 2318 conferre
1315 2294 1389 2325 juvat
1405 2301 1471 2325 quae
1487 2293 1553 2318 dixit
1570 2293 1608 2326 (C.
1619 2295 1659 2318 Fr.
1671 2295 1809 2324 Hermann,
1827 2293 1899 2325 Allg-

326 2333 509 2369 Schulzeitung
526 2337 568 2361 Nr.
589 2342 655 2365 100:
676 2339 723 2362 Stil
742 2339 794 2362 und
814 2339 927 2371 Sprache
947 2341 1043 2372 zwingt
1062 2348 1109 2365 uns
1125 2360 1131 2370 ,
1149 2341 1261 2373 lVerke,
1279 2343 1328 2366 wie
1342 2343 1451 2367 Toxaris
1470 2342 1523 2366 und
1540 2343 1669 2375 Imagines
1688 2344 1713 2366 in
1733 2343 1774 2366 die
1793 2343 1849 2366 Zeit
1867 2349 1898 2365 zu

326 2387 429 2414 setzen,
456 2393 495 2409 wo
514 2386 626 2411 Luciaus
645 2388 718 2411 Geist
735 2388 802 2412 noch
829 2388 856 2412 in
879 2388 1061 2420 jugendlicher
1088 2390 1245 2423 Ueppigkeit
1270 2391 1398 2416 wucherte
1410 2410 1416 2422 ‚
1446 2391 1498 2416 und
1516 2391 1584 2416 noch
1602 2391 1674 2416 nicht
1690 2399 1757 2423 ganz
1775 2399 1821 2415 aus
1840 2390 1897 2415 dem

327 2431 501 2458 erkiinstelten
521 2435 741 2460 Bliithenrausche
761 2436 805 2461 der
823 2437 981 2462 asiatischen
999 2438 1124 2464 Rhetorik
1152 2447 1183 2464 zu
1203 2440 1247 2464 der
1265 2440 1435 2465 silberklaren
1465 2440 1651 2465 Niichtemheit
1676 2439 1799 2464 attischer
1816 2439 1895 2463 Prosa

327 2481 437 2505 erwacht
455 2491 514 2507 war.

256 2527 307 2559 32)
326 2530 404 2553 confr.
425 2530 455 2554 de
473 2531 522 2556 hae
542 2534 690 2564 quaestione
709 2534 748 2558 ed.
767 2534 822 2567 Bip.
842 2535 861 2565 l,
882 2539 923 2563 55.
942 2536 1074 2561 Lehmann
1093 2537 1135 2562 VI.
1154 2541 1214 2565 402.
1243 2537 1363 2562 Wieland
1384 2541 1409 2568 5,
1427 2541 1486 2568 505,
1513 2536 1627 2561 Wetzlar
1645 2545 1667 2561 a.
1688 2536 1718 2561 0.
1738 2536 1762 2560 S.
1783 2539 1895 2564 38—40·
