2280 2777
1084 145 1340 180 ..35-

528 247 617 274 Hisce
641 245 711 274 satis
729 246 789 283 jam
813 245 945 274 videmur
967 245 1050 273 nobis
1073 244 1109 272 de
1131 244 1246 279 ordine,
1275 255 1331 282 quo
1349 245 1437 274 libros
1459 255 1526 274 suos
1547 247 1694 285 scripserit
1716 246 1877 283 Lucianus,
1909 258 2065 287 eorumque

366 304 403 332 de
428 302 546 332 consilio
572 306 660 339 atque
683 302 859 339 argumentis
882 301 1054 339 disputasse.
1098 300 1154 337 Qui
1182 305 1334 338 praeterea
1364 301 1547 330 inveniuntur
1574 303 1648 331 inter
1679 303 1740 341 ejus
1767 313 1856 342 opera
1879 304 1986 339 libelli,
2016 315 2064 333 eos

365 370 431 388 eum
452 359 598 397 plerisque
620 357 690 385 viris
714 357 807 385 doctis
828 357 865 385 ab
888 357 951 385 aliis
973 356 1138 385 auctoribus
1160 366 1222 384 esse
1246 357 1420 394 compositos
1438 358 1610 395 judicamus.
1650 359 1722 388 Sunt
1744 364 1839 388 autem
1862 361 1923 398 ejus
1945 362 2059 398 generis

360 417 481 447 80—-8'4
496 415 635 451 IIalcyon,
652 415 737 447 Ner-Q
754 414 902 448 AIacrobli,
917 414 1072 450 Alenippus
1104 417 1129 441 et
1146 413 1332 450 Philopatris.
1376 414 1532 450 Halo-yonis
1553 415 1581 442 in
1602 425 1684 443 avem
1705 416 1862 445 seeundum
1884 420 1984 455 poetas
2006 427 2065 446 mu-

366 471 420 499 tati
441 471 590 498 mirantem
615 470 674 497 fata
691 469 939 507 Chaerephontem
955 469 1039 498 docet
1055 468 1203 503 Socrates,
1227 468 1317 496 multa
1332 477 1395 497 esse
1414 469 1441 496 in
1458 479 1551 497 rerum
1568 476 1684 505 natura,
1707 481 1781 509 quae
1803 472 1906 501 mentis
1923 473 2065 501 humanae

364 527 424 555 vim
446 525 667 560 trauseendant;
701 526 798 563 itaque
821 525 856 553 (le
878 525 964 553 rebus
987 525 1081 553 dubiis
1109 529 1136 553 et
1164 525 1279 552 incertis·
1308 525 1500 553 assensionem
1531 527 1718 555 cohibendam
1748 538 1818 556 esse.
1862 528 1944 565 Quae
1976 539 2064 566 quum

364 582 605 611 Academicorum
632 581 706 609 ultro
734 581 859 609 indicent
881 581 1062 619 disciplinam
1090 585 1118 609 et
1140 591 1227 618 quum
1249 581 1396 618 Diogenes
1412 581 1544 609 Laertius
1567 582 1703 619 (HLss2.)
1727 588 1755 612 et
1774 584 1943 613 Athenaeus
1963 585 2063 623 (Deip-

364 648 425 667 nos.
447 643 492 672 11,
509 638 590 675 506.)
621 638 669 675 qui
691 637 791 675 paucis
814 637 911 665 lustris
936 642 1002 675 post
1028 637 1185 665 Lueianum
1215 637 1407 674 scripserunt,
1437 637 1542 665 Leonis
1572 638 1738 667 Academici
1768 640 1843 668 hunc
1864 640 1970 669 foetum
1999 651 2062 670 esse

364 700 519 729 testentur,
549 703 605 722 11011
629 698 687 728 est,
717 693 794 731 quod
816 694 939 731 amplius
962 693 998 721 de
1020 693 1075 721 hoo
1096 693 1195 721 libello
1218 693 1309 721 verba
1326 693 1472 721 faciamus.
1517 695 1594 721 Nero
1614 695 1672 723 sive
1692 697 1725 723 cle
1746 697 1852 725 Isthmo
1869 698 2063 734 perfodiendo

362 751 483 779 libellus
505 749 689 778 Muusonium
711 750 925 787 philosophum,
960 759 976 777 a
997 749 1110 777 Nerone
1130 749 1223 777 Roma
1244 749 1358 787 pulsum
1386 749 1534 787 (Philostr.
1560 750 1621 778 vita
1642 751 1738 789 Apoll.
1764 754 1791 786 4,
1816 753 1877 790 56.)
1907 753 1935 780 111
1958 753 2061 782 Isthmi

362 807 539 845 perfossione
562 811 733 844 occupatum
755 806 831 834 facit.
866 805 961 833 Multa
983 806 1140 843 eademque
1163 805 1290 834 absurda
1306 816 1369 834 cum
1387 805 1592 843 colloquuntur
1614 807 1648 834 110
1662 807 1783 836 Neronis
1797 809 1940 843 moribus,
1963 813 2058 844 cantu,

364 873 452 898 voce,
474 863 556 891 navis
579 862 745 897 advehitur,
767 863 986 900 nunciaturque,
1008 866 1149 890 mortuum
1173 871 1236 890 esse
1258 862 1410 890 Neronem.
1448 862 1494 890 Ex
1510 866 1607 890 nostra
1623 863 1738 900 quidem
1761 865 1903 892 sententia
1916 865 2062 894 Lucianus

367 929 431 948 eam
460 918 604 947 scribendi
626 918 774 946 materiam
796 919 850 947 sibi
872 929 927 947 non
950 919 1100 956 elegisset,
1131 928 1184 946 nec
1208 918 1243 946 de
1266 918 1379 946 Nerone
1401 922 1481 946 tanta
1508 928 1572 946 cum
1602 920 1746 956 acquitate
1773 920 1993 958 disputavisset,
2026 922 2064 950 ad

364 986 440 1014 quae
463 975 583 1008 accedit,
606 975 684 1012 quod
709 975 761 1003 1100
784 975 954 1013 opusculum
977 975 1005 1002 in
1027 974 1195 1003 Philostrati
1219 974 1303 1002 etiam
1326 974 1461 1012 operibus
1488 974 1632 1004 invenitur
1655 979 1682 1004 et
1711 976 1738 1003 111
1760 976 1870 1014 aliquot
1890 977 2010 1006 Luciani
2031 978 2064 1006 li-

364 1032 426 1061 bris
447 1031 649 1068 manuscriptis
671 1031 861 1060 desideratur.
904 1032 1116 1059 Macrobiorum
1137 1041 1159 1059 s.
1182 1031 1388 1068 longaevorum
1409 1031 1509 1059 libello
1532 1031 1693 1068 gratulatur
1719 1037 1816 1060 auctor
1838 1033 1986 1069 Quintillio
2007 1034 2063 1062 cui-

364 1085 430 1114 dam
452 1085 527 1114 diem
550 1087 683 1122 natalem,
705 1088 919 1126 muneratisque
940 1088 1070 1125 plurimis
1092 1087 1262 1122 hominibus,
1287 1087 1336 1125 qui
1358 1087 1395 1115 ad
1417 1092 1574 1116 extremam
1596 1092 1771 1116 senectutem
1792 1089 1911 1127 integris
1937 1090 2063 1127 corporis

361 1142 473 1171 viribus
495 1143 636 1177 vixerint,
661 1143 841 1179 Quintillium
866 1144 951 1172 etiam
972 1144 1169 1182 longissimum
1191 1143 1268 1172 vitae
1291 1153 1404 1172 cursum
1424 1147 1607 1182 peracturum
1635 1153 1697 1172 esse
1724 1149 1830 1182 sperat.
1872 1146 2015 1184 Exempla
2035 1146 2064 1174 in

363 1199 570 1227 absurdissimo
588 1199 687 1227 libello
708 1200 822 1237 prolata
839 1210 895 1228 non
913 1200 987 1228 infra
1001 1200 1111 1228 Tiberii
1133 1204 1264 1238 tempora
1286 1200 1472 1235 descendunt,
1495 1204 1522 1229 et
1544 1201 1607 1229 aliis
1629 1202 1713 1230 etiam
1735 1203 1909 1239 argumentis
1930 1202 2063 1231 Rankius

364 1254 556 1293 Phlegontem
582 1255 754 1284 Tarsensem
776 1257 851 1285 hunc
878 1256 983 1285 librum
1004 1257 1153 1294 scripsisse
1177 1256 1384 1285 demonstravit
1404 1256 1452 1295 69).
1494 1258 1650 1295 Mem‘ppus
1671 1258 1731 1286 sive
1752 1258 1988 1296 Αέκυομαντειά
2009 1259 2064 1287 iter

364 1321 382 1340 a
397 1311 536 1350 Menippo
559 1312 588 1340 in
609 1321 706 1340 orcum
730 1316 895 1351 susceptum
916 1313 957 1341 ita
977 1318 1083 1348 narrat,
1104 1317 1136 1341 ut
1156 1313 1296 1341 imitatum
1319 1323 1381 1341 esse
1396 1317 1539 1342 auctorem
1562 1314 1699 1351 plurimas
1720 1324 1765 1343 res
1789 1325 1825 1343 ex
1845 1314 1968 1351 dialogis
1989 1325 2063 1343 mor-

362 1372 478 1397 tuorum
500 1373 528 1396 et
553 1369 783 1406 Icaromenippo‚
814 1379 886 1407 quas
915 1379 950 1397 ne
972 1374 1049 1398 recte
1072 1369 1188 1407 quidem
1209 1370 1401 1404 intellexerit,
1430 1374 1538 1408 pateat.
1581 1371 1625 1399 De
1653 1371 1849 1408 Phihipatrz'clc
1871 1371 2001 1408 dialogo,
2034 1371 2063 1399 in

364 1434 422 1462 quo
444 1434 490 1452 res
513 1424 753 1460 Christianorum,
778 1425 879 1463 quales
901 1429 966 1463 post
988 1425 1137 1463 Synodum
1165 1426 1322 1454 Nicaenam
1351 1427 1522 1455 constitutae
1545 1431 1638 1462 erant,
1660 1427 1837 1461 referuntur,
1859 1426 2007 1455 Gesnerus
2024 1426 2061 1464 ⁷⁰)

359 1484 419 1509 tam
445 1481 599 1518 diligenter
620 1485 648 1509 et
668 1485 751 1509 acute
774 1481 941 1520 disputavit,
964 1492 1087 1520 eumque
1106 1482 1253 1520 dialogum
1267 1482 1377 1511 Juliani
1390 1483 1552 1521 Apostatae
1575 1483 1750 1521 temporibus
1773 1485 1810 1522 (a.
1828 1483 1899 1521 565)
1924 1482 2061 1511 Constan-

361 1537 481 1575 tinopoli
503 1547 520 1565 a
541 1537 670 1575 sophista
693 1538 820 1575 quodam
841 1538 969 1567 Luciano
992 1539 1180 1577 compositum
1209 1548 1271 1567 esse
1298 1539 1507 1568 demonstravit
1527 1540 1561 1569 iis
1584 1540 1773 1578 argumentis,
1800 1543 1832 1568 ut
1854 1539 1931 1577 quod
1953 1539 2061 1568 addere

360 1593 514 1631 possimus,
534 1593 618 1622 nobis
642 1593 759 1631 quidem
780 1594 929 1632 reliquerit
949 1594 1029 1622 nihil.

500 1732 559 1749 men
587 1725 683 1757 legisse
711 1726 886 1756 concluseris,
922 1726 967 1751 ubi
993 1726 1185 1758 sesquipedalia
1209 1726 1306 1750 videris
1333 1726 1387 1757 ejus
1415 1727 1495 1751 verba
1523 1727 1762 1760 (Podagramniisch
1791 1726 1992 1751 Trostbiichlein
2018 1726 2061 1750 bei

502 1773 710 1806 Wackernagel,
731 1775 847 1799 deutsch.
867 1775 959 1799 Leseb.
982 1775 1026 1805 ΙΙΙ,
1047 1775 1117 1807 491),
1137 1783 1202 1806 quae
1224 1783 1282 1799 eum
1302 1775 1411 1799 Luciani
1430 1776 1548 1800 versibus
1569 1780 1707 1804 197—202
1728 1776 1791 1799 mire
1812 1774 1985 1799 consentiunt.
2015 1774 2062 1798 cfr.

503 1823 581 1846 etiam
601 1822 742 1847 Gerviuum
760 1826 829 1856 poet.
850 1823 1011 1848 Nationallit.
1032 1826 1074 1850 3tc
1093 1824 1176 1855 Ausg.
1197 1823 1242 1852 m,
1263 1827 1322 1850 122.
1344 1826 1404 1850 390.

434 1870 483 1902 69)
503 1870 600 1894 Pollux
620 1874 645 1894 et
663 1871 794 1895 Lucianus
814 1872 838 1896 S.
860 1875 974 1899 16—22.
1006 1872 1126 1903 Sejanum
1146 1879 1202 1904 cap.
1223 1875 1247 1899 7.
1265 1871 1408 1896 indicatum
1429 1880 1484 1896 esse
1505 1871 1660 1896 dubitamus.
1694 1871 1809 1895 Wetzlar
1827 1871 1844 1895 Ι.
1863 1871 1880 1895 l.
1902 1873 1942 1898 16.
1962 1873 2002 1897 17.
2019 1873 2062 1897 26.

431 1918 481 1949 70)
501 1918 580 1950 Cujus
601 1919 801 1951 disputationem
822 1919 943 1952 operibus
962 1920 1071 1945 Luciani
1093 1928 1107 1944 a
1127 1928 1154 1944 sc
1175 1920 1253 1944 editis
1280 1921 1443 1944 inseruerunt
1471 1919 1510 1944 ed.
1538 1920 1640 1952 Bipout.
1660 1920 1704 1950 IX,
1725 1923 1864 1948 561—605
1886 1923 1911 1943 et
1929 1919 2062 1943 Lehmann

502 1966 548 1997 IX,
568 1970 719 1995 637—686.

1715 2539 1769 2570 541·
