2280 2777
904 165 1159 200 -12-

187 266 349 295 barbariem
370 265 530 303 eloquentia
551 264 693 292 Lueianus
714 265 852 294 rationem
873 265 1012 294 adhibens
1035 265 1165 295 vitiosam
1193 270 1221 295 et
1243 271 1404 306 corruptam
1426 269 1617 308 sophistarum
1638 273 1872 303 consuetudinem

188 332 260 361 puro
283 326 311 350 et
330 322 491 359 incorrupto
512 320 647 348 sermonis
669 329 775 358 genere
797 321 948 350 emendare
970 322 1069 357 voluit,
1092 326 1120 351 et
1142 332 1229 361 quum
1249 323 1401 361 plurimam
1423 335 1539 364 operam
1558 327 1587 355 in
1608 328 1662 357 hac
1681 339 1713 358 re
1735 330 1870 359 collocas·

189 383 233 408 set
254 378 386 418 (Lexiph.
405 377 473 415 22),
496 386 592 404 eorum
612 377 779 415 perstringit
798 377 920 416 ineptias
942 379 1120 417 aequalium,
1145 380 1195 418 qui
1217 380 1334 418 antiqua
1355 385 1384 409 et
1404 382 1518 411 exoleta
1538 384 1628 413 verba
1648 385 1820 423 proferendo
1843 391 1872 415 et

189 435 349 464 revocando
369 433 506 462 oratoriae
529 433 597 461 artis
618 433 732 462 laudem
752 444 854 472 parare
876 435 1038 464 studebant.
1081 436 1184 474 Itaque
1207 436 1320 474 scripsit
1338 438 1534 476 Leoeiplzanem
1549 439 1601 478 ⁴²⁶),
1626 441 1680 470 sub
1704 443 1785 481 cujus
1806 453 1872 482 per-

190 503 261 522 sona
281 491 354 520 ridet
374 498 468 518 omnes
488 488 639 524 Lucianus,
663 490 712 527 qui
733 500 767 519 eo
787 491 888 520 melius
910 492 964 520 sibi
985 492 1157 521 videbantur
1179 493 1273 522 dicere
1296 497 1324 522 et
1345 494 1479 531 scribere,
1504 506 1560 534 quo
1575 497 1688 536 longius
1709 509 1726 528 a
1748 510 1870 529 commu-

189 550 218 578 ni
239 547 350 578 dicendi
370 545 477 574 ratione
499 545 674 575 recederent.
716 547 860 577 Lueianus
879 549 1076 587 Lexiphanem
1097 549 1321 585 adolescentem,
1351 554 1383 579 ut
1401 551 1544 588 Platonis,
1569 554 1748 593 Thucydidis
1770 560 1798 585 et
1820 556 1872 594 qui

190 605 346 634 comoedias
368 601 590 639 tragoediasque
613 603 786 641 scripserant
806 615 894 643 opera
914 605 1007 643 legat,
1036 606 1215 640 cohortatur,
1244 605 1320 634 uude
1341 607 1546 645 pulcherrIma,
1575 610 1676 640 florum
1696 612 1798 648 instar,
1822 613 1871 641 de-

189 667 303 696 cerpere
326 661 354 685 et
374 658 509 686 sermonis
532 659 679 696 acquirere
701 661 793 698 possit
814 662 1055 700 perspicuitatem.
1076 680 1116 685 —
1137 662 1172 690 In
1187 663 1339 692 Soloecista
1361 668 1456 693 autem
1476 665 1613 702 ridentur,
1637 668 1686 706 qui
1706 668 1783 697 nimii
1805 673 1872 699 sunt

188 714 216 742 111
235 714 448 743 Atticismorum
469 715 589 744 molesta
609 716 842 755 investigatione,
872 719 921 756 qui
939 719 1128 747 Soloecismos
1156 719 1223 747 dum
1244 719 1419 749 insectantur
1440 721 1468 749 in
1492 723 1611 752 aliorum
1631 724 1726 760 libris,
1756 726 1811 764 ipsi
1832 726 1870 755 ad

187 781 284 799 veram
304 771 440 800 sermonis
461 771 653 809 integritatem
674 778 760 812 atque
787 775 959 813 elegantiam
985 780 1103 813 propter
1124 776 1230 814 ingenii
1251 776 1477 807 mediocritatem
1497 789 1555 808 nou
1581 785 1700 818 possunt
1721 782 1868 811 accedere.

188 828 242 865 Qui
263 832 375 856 notatur
395 832 426 856 ut
446 828 639 867 ineptissimus
660 831 908 868 grammaticorum
930 831 1088 860 Soloecista
1108 842 1144 861 ne
1165 833 1244 862 videt
1266 834 1390 872 quidem,
1414 845 1487 874 quae
1508 836 1651 866 Lucianus
1673 837 1709 866 de
1731 838 1872 868 industria

187 885 215 913 in
236 895 361 913 sermone
383 884 507 913 admittit
527 886 597 915 vitia
619 891 646 915 et
667 888 818 925 plumbeus
839 888 950 916 omnino
977 893 1020 917 est
1047 889 1075 917 in
1096 889 1250 919 virtutibus
1271 892 1318 919 vel
1340 892 1416 921 vitiis
1438 893 1572 922 orationis
1594 894 1809 932 perspiciendis.
1831 912 1871 916 —-

187 942 259 970 Rem
279 942 307 969 in
328 941 413 970 rebus
435 943 627 979 grammaticis
648 944 741 972 levem
761 944 850 973 multa
872 955 935 973 cum
957 945 1130 974 dexteritate
1157 951 1185 975 et
1212 948 1381 977 amoenitate
1404 950 1586 988 persequitur
1606 951 1748 980 Lucianus
1774 952 1803 979 in
1821 954 1872 989 ju-

185 999 255 1027 dicio
275 999 420 1026 vocalium.
463 999 595 1028 Formam
617 1000 735 1029 adhibet
750 1001 918 1039 judicialem
940 1006 968 1030 et
986 1002 1071 1031 litera
1088 1006 1119 1034 Σ
1135 1003 1247 1032 literam
1269 1008 1298 1034 T
1315 1015 1409 1034 coram
1425 1006 1571 1045 judicibus
1591 1012 1701 1046 septem
1722 1008 1871 1037 vocalibus

182 1055 218 1083 de
239 1055 267 1082 vi
290 1065 323 1083 ac
344 1054 435 1093 spolio
458 1060 587 1091 accusat,
621 1057 710 1096 (quod
731 1057 850 1097 γλῶττα
873 1068 897 1087 e.
913 1069 942 1096 g.
966 1059 1107 1088 scribatur
1128 1070 1180 1098 pro
1202 1060 1340 1100 γλῶσσα)
1368 1066 1396 1091 et
1423 1063 1535 1092 literam
1561 1067 1589 1094 T
1610 1065 1701 1093 crucis
1730 1065 1871 1103 supplicio

182 1111 358 1140 afficiendam
380 1121 443 1140 esse
464 1122 482 1140 a
498 1113 644 1151 judicibus
665 1115 766 1152 poscit.
808 1115 986 1144 Urbanitatis
1008 1116 1110 1154 plenus
1132 1117 1178 1146 hic
1199 1117 1315 1146 libellus
1335 1123 1394 1147 tam
1415 1119 1487 1148 bene
1507 1124 1550 1148 est
1565 1121 1696 1159 scriptus,
1719 1125 1750 1150 ut
1771 1122 1870 1151 tritum

185 1168 256 1196 illud
276 1184 315 1188 -—
337 1178 373 1197 ex
395 1178 491 1206 ungue
513 1169 623 1198 leonem
645 1172 762 1208 agnosci
785 1172 820 1200 de
841 1173 895 1201 hoc
915 1173 980 1201 lusu
1002 1173 1108 1211 ingenii
1128 1173 1265 1202 Lucianei
1288 1175 1404 1203 dixeris.

339 1224 406 1254 Jam
426 1235 495 1254 vero
517 1236 604 1264 quum
625 1228 695 1256 satis
717 1229 889 1257 exercitatus
910 1229 965 1258 sibi
985 1230 1132 1258 videretur
1152 1231 1295 1260 Lucianus
1322 1232 1351 1260 in
1373 1232 1510 1261 sermonis
1532 1233 1611 1262 attici
1633 1233 1791 1272 elegantia,
1822 1234 1871 1262 de-

183 1282 365 1311 clamationes
386 1282 447 1311 sive
469 1283 648 1312 recitationes
670 1285 738 1313 istas
760 1282 986 1326 (προςλαλιοῐς),
1021 1287 1057 1315 de
1079 1287 1183 1325 quibus
1205 1298 1292 1326 supra
1313 1289 1419 1318 dictum
1441 1293 1498 1324 cst,
1527 1290 1660 1324 instituit,
1692 1300 1728 1318 ex
1750 1300 1872 1329 quarum

183 1349 299 1368 numero
320 1339 366 1367 hic
386 1339 554 1369 inserendae
575 1340 708 1370 videntur
729 1346 847 1374 11—16
869 1344 903 1371 de
923 1345 1021 1372 electro
1042 1355 1063 1372 S.
1085 1345 1171 1382 cycni,
1195 1346 1335 1383 dipsades,
1356 1347 1516 1375 Herodotus
1536 1357 1558 1375 s.
1580 1347 1692 1382 Aetion,
1714 1348 1869 1377 Harmoni-

184 1397 240 1431 des,
262 1397 367 1434 Scytha
387 1407 409 1425 s.
430 1397 538 1434 hospeS,
559 1398 667 1427 Zeuxis
687 1403 711 1427 et
724 1399 884 1428 Antiochus.
926 1400 972 1428 De
994 1410 1115 1439 quarum
1136 1402 1234 1430 ordine
1256 1412 1343 1440 quum
1363 1402 1434 1431 nihil
1455 1402 1544 1441 possit
1563 1407 1639 1432 certo
1656 1403 1796 1439 affirmari,
1817 1404 1873 1433 11151

185 1453 351 1482 temeritatis
372 1453 444 1482 velis
466 1454 563 1482 subire
584 1456 808 1491 accusationem,
835 1456 866 1485 id
892 1457 983 1486 solum
1004 1458 1118 1487 videtur
1139 1459 1324 1495 monendum,
1352 1459 1510 1488 Lucianum
1530 1460 1784 1489 declamationibus
1805 1461 1872 1496 illis,

185 1519 265 1547 quas,
287 1514 439 1548 antequam
460 1511 590 1540 Athenas
611 1512 707 1540 sedem
729 1513 875 1542 literarum
896 1524 1011 1543 suarum
1033 1515 1165 1544 stativam
1188 1516 1334 1554 elegisset,
1356 1516 1385 1544 in
1405 1516 1525 1545 urbibus
1545 1516 1684 1545 Graeciae
1705 1517 1753 1545 vel
1774 1517 1871 1547 Mace-

185 1566 286 1595 doniae
308 1567 423 1602 habuit,
453 1568 544 1606 primo
567 1572 675 1597 tantum
698 1573 839 1598 conventu
861 1570 1015 1600 allocutum
1037 1581 1100 1600 esse
1121 1572 1279 1608 auditores,
1308 1573 1434 1601 voluisse
1455 1577 1550 1602 autem
1570 1574 1627 1602 illis
1647 1574 1778 1611 legendis
1800 1574 1871 1603 invi-

185 1627 246 1652 tare
268 1623 351 1652 simul
371 1624 436 1652 illos
457 1625 601 1654 hominum
621 1626 784 1664 politiorum
805 1627 939 1663 circulos,
968 1633 1000 1657 ut
1020 1632 1121 1667 postea
1149 1630 1233 1658 etiam
1254 1630 1343 1668 ipsius
1365 1630 1586 1659 declamationes
1607 1631 1776 1669 probarent,
1809 1633 1871 1661 sive

185 1684 217 1709 ut
236 1680 299 1718 ipso
320 1685 467 1709 uterentur
487 1682 515 1710 in
537 1682 650 1711 dicendi
671 1687 732 1711 artc
752 1688 938 1722 praeceptore
952 1684 1006 1723 ²⁷),
1030 1686 1090 1714 sive
1112 1696 1261 1715 causarum
1283 1690 1386 1715 actore.
1428 1687 1506 1716 Illud
1527 1688 1611 1716 etiam
1631 1688 1708 1717 haud
1730 1689 1869 1718 absonum

184 1737 315 1766 videatur
337 1738 492 1776 conjicere,
521 1739 677 1768 Lueianum
698 1740 912 1778 insequentibus
933 1741 1035 1771 diebus
1057 1747 1185 1772 veterum
1207 1748 1353 1773 auctorum
1375 1747 1558 1782 poetarumve
1580 1744 1683 1780 libros,
1712 1746 1811 1775 addita
1831 1746 1869 1775 ab

185 1794 246 1832 ipso
267 1795 512 1832 interpretatione,
542 1795 656 1833 legisse.
699 1796 772 1825 Nam
799 1798 919 1835 singulis
946 1799 1007 1827 istis
1034 1800 1249 1829 recitationibus
1276 1806 1307 1831 ut
1328 1811 1429 1839 parum
1451 1801 1639 1837 celebritatis,
1667 1803 1707 1830 ita
1727 1803 1869 1832 mercedis

184 1855 297 1889 poterat
318 1852 453 1889 consequi
473 1852 573 1880 minus.
617 1853 689 1882 Sunt
712 1854 785 1882 enim
807 1855 928 1892 exiguae
951 1860 979 1884 et
1000 1856 1029 1884 in
1049 1857 1150 1894 gracili
1167 1857 1324 1896 pleraeque
1340 1862 1490 1886 versantur
1507 1858 1634 1886 materia.
1678 1859 1723 1888 Ita
1744 1859 1779 1887 de
1802 1862 1869 1889 elec·

184 1912 228 1936 tro
248 1908 304 1936 sive
326 1909 432 1945 cycnis,
454 1918 527 1946 quae
549 1909 727 1946 inscribitur,
750 1911 970 1947 declamatione,
998 1923 1033 1941 ne
1055 1913 1138 1942 nimis
1158 1924 1263 1952 magna
1284 1915 1320 1943 de
1341 1925 1393 1943 sua
1414 1915 1441 1943 in
1464 1916 1586 1944 dicendo
1608 1920 1668 1944 arte
1691 1921 1869 1955 exspectent,

185 1964 327 1993 auditores
348 1969 443 1993 monet
463 1965 607 1995 Lucianus
628 1983 668 1988 —-
689 1977 820 2003 narrans,
847 1978 878 1996 se
900 1969 983 1998 ctiam
1005 1970 1071 1998 olim
1092 1971 1120 1998 in
1141 1971 1267 2000 Eridano
1290 1972 1377 2001 fluvio
1398 1973 1535 2001 electrum
1557 1977 1585 2002 et
1606 1983 1725 2011 cycnOS,
1752 1973 1787 2002 de
1809 1973 1871 2012 qui-

184 2020 238 2050 bus
260 2026 317 2050 tam
337 2022 408 2050 mira
428 2022 592 2051 fabulentur
612 2027 728 2062 poetae,
758 2024 863 2053 frustra
886 2026 1070 2063 quaesivisse.
1114 2027 1243 2057 Caveant
1263 2029 1359 2067 itaque
1381 2029 1540 2065 auditores,
1568 2039 1604 2058 ne
1625 2039 1676 2068 spe
1697 2040 1750 2058 sua
1771 2034 1799 2059 et
1821 2040 1869 2059 ex-

184 2078 358 2116 spectatione
379 2079 506 2109 similiter
528 2081 706 2119 dejiciantur.
748 2081 894 2119 Frigidius
916 2083 1001 2112 etiam
1021 2084 1050 2112 in
1071 2085 1249 2122 dipsadibus,
1281 2086 1370 2124 (quod
1392 2090 1435 2114 est
1456 2096 1546 2124 genus
1568 2087 1742 2125 serpentium
1762 2087 1871 2125 lybico-

185 2144 254 2169 rum,
280 2145 398 2173 quorum
418 2147 513 2166 morsu
535 2138 610 2166 sitim
629 2138 833 2177 inexplebilem
850 2138 921 2167 effici
940 2140 1048 2179 narrat)
1072 2141 1274 2180 inexplebilem
1291 2152 1371 2171 suam
1389 2143 1507 2181 plausus
1528 2143 1688 2172 auditorum
1705 2143 1870 2182 acquirendi

255 2251 303 2282 26)
322 2252 429 2283 Eorum,
456 2255 498 2285 qui
517 2254 650 2279 Pollucem
670 2254 830 2277 Onomastioi
850 2257 980 2278 auctorem
998 2258 1023 2278 et
1042 2255 1178 2280 Athenaeii
1197 2256 1428 2289 Deipnosophistas
1448 2258 1495 2282 sub
1512 2258 1670 2290 Lexiphanis
1692 2259 1795 2283 nominc
1814 2266 1870 2291 per-

323 2301 415 2332 stringi
429 2302 595 2333 judicabant,
624 2303 731 2335 explosa
748 2302 847 2335 pridem
874 2306 913 2327 est
938 2304 1067 2328 sententia
1092 2305 1158 2329 conf.
1179 2305 1311 2329 Lehmann
1330 2306 1360 2335 V,
1379 2309 1439 2333 496.
1476 2306 1574 2331 Damus
1592 2315 1652 2331 vcro
1673 2307 1868 2332 similitudinem

322 2349 448 2379 quandam
466 2350 532 2374 inter
550 2351 619 2375 1111110
638 2351 754 2376 libellum
780 2351 936 2376 intercedere
962 2355 987 2376 et
1011 2353 1141 2377 rhetorum
1158 2358 1349 2386 praeceptorem
1368 2355 1437 2387 (Nro.
1458 2355 1516 2387 40),
1542 2363 1619 2387 quare
1639 2356 1670 2379 de
1689 2359 1771 2379 aetate
1789 2355 1866 2386 hujus

323 2396 404 2421 libelli
425 2398 577 2424 dubitamus.
615 2400 688 2430 Quod
708 2400 740 2424 ad
759 2408 811 2424 rem
830 2400 922 2424 attinet
940 2401 1006 2425 conf.
1026 2401 1138 2427 Senecae
1158 2411 1195 2435 ep.
1217 2407 1267 2430 114
1287 2406 1312 2427 et
1327 2403 1478 2435 Bernhardy
1498 2403 1637 2428 Grundriss
1657 2404 1701 2427 der
1719 2404 1866 2428 romischen

323 2445 450 2471 Litcratur
470 2452 537 2476 1850
556 2449 580 2473 S.
601 2452 649 2477 281
672 2452 698 2473 et
715 2450 869 2473 Frontonem
888 2449 927 2473 ed.
947 2450 1001 2473 Mai
1019 2458 1044 2482 p.
1065 2453 1106 2478 89.

255 2494 303 2525 27)
323 2493 395 2519 Conf.
414 2495 462 2520 hac
488 2496 518 2520 de
542 2505 568 2521 re
588 2497 695 2522 Luciani
714 2498 873 2522 Herodotum
893 2506 947 2531 cap.
968 2502 991 2526 7.
1030 2498 1114 2525 ἅπασι
1132 2499 1287 2534 γνωσθῆναι
1306 2505 1349 2526 καὶ
1370 2498 1453 2531 δεῖξαι
1472 2498 1547 2534 nimi
1566 2499 1705 2534 βούλομαι.
1742 2500 1864 2532 Ejusdem

325 2542 384 2566 libri
404 2545 486 2576 capite
507 2548 521 2573 3
541 2546 667 2577 rhetores,
686 2547 801 2572 historici
821 2552 846 2572 et
865 2548 994 2581 sophistae
1014 2549 1080 2573 iuter
1098 2548 1227 2574 auditores
1246 2552 1485 2575 commemorantur.
