2280 2777
949 147 1176 182 -4-

221 247 410 282 multifariam,
434 247 541 275 dudum
562 250 772 284 conqueruntur
793 246 919 275 homines
941 247 1089 287 philologi.
1133 249 1260 286 Quorum
1281 251 1364 279 alteri
1379 251 1403 289 ⁷)
1425 251 1461 280 de
1482 262 1512 281 re
1529 252 1567 281 ad
1583 253 1696 282 felicem
1710 253 1817 282 exitum
1838 263 1903 292 per-

221 304 353 333 ducenda
374 304 605 341 desperaverunt,
628 302 710 331 alteri
724 301 749 340 ⁸)
769 302 870 331 melius
891 303 968 332 viam
989 304 1133 342 quandam
1155 316 1188 334 ac
1208 306 1361 342 rationem,
1383 307 1420 336 ad
1442 317 1514 346 quas
1535 308 1642 338 institui
1663 314 1759 348 posset
1781 310 1903 348 disposi-

221 361 269 395 tio,
291 360 496 389 adumbravere
510 359 543 396 9).
565 374 604 379 —-
624 358 665 387 At
685 362 818 396 superest
839 359 895 388 alia
917 360 1001 389 etiam
1023 362 1160 399 quaestio,
1184 372 1258 400 quae
1278 367 1357 392 tacta
1377 363 1443 392 olim
1465 375 1481 393 a
1496 365 1687 395 Dahlmannio
1701 367 1747 406 ¹⁰),
1771 378 1788 396 a
1805 377 1902 396 recen—

221 417 340 445 tioribus
361 416 505 453 neglecta,
537 414 637 442 summi
663 414 732 443 mihi
758 424 821 444 esse
841 415 955 445 videtur
982 417 1019 446 ad
1040 417 1159 447 Luciani
1180 428 1268 456 opera
1289 423 1367 448 recte
1387 420 1574 458 intelligenda
1594 424 1738 452 momenti.
1781 424 1836 461 Qui
1856 425 1903 453 vir

221 472 428 511 sagacissimm,
449 481 536 509 quum
557 471 585 498 in
606 471 648 505 iiS‚
672 481 744 509 quas
766 472 801 500 de
822 472 908 501 rebus
922 473 951 501 in
965 473 1083 503 historia
1096 475 1225 504 obscuris
1241 476 1363 513 scripsit,
1385 476 1636 515 disquisitionibus,
1657 479 1814 509 Lucianum
1828 481 1903 510 falsa

221 529 371 568 protulisse
393 528 428 555 de
450 527 530 555 lectis
550 526 702 566 Olympiae
720 528 864 557 Herodoti
884 529 974 565 libris,
996 531 1192 560 demonstrare
1214 537 1377 567 conaretur,
1400 533 1484 571 plura
1505 534 1662 573 eademque
1682 536 1825 565 subtiliter
1846 537 1902 566 dis-

220 585 330 624 putavit
352 584 387 612 de
408 584 471 618 fide,
494 593 567 622 quae
588 584 715 613 Luciano
737 585 765 613 in
787 585 873 614 rebus
894 586 1036 615 historicis
1058 588 1210 616 tribuenda
1232 589 1276 617 sit.
1320 588 1431 617 Scimus
1453 590 1576 627 quidem,
1601 601 1617 620 a
1637 592 1766 630 plurimis
1787 593 1902 622 defendi

220 642 303 670 hodie
323 641 471 669 lectionem
491 641 574 669 istam
587 641 789 677 Herodoteam,
813 642 916 680 quibus
933 643 1117 672 Dahlmanuii
1139 650 1307 682 argumenta
1327 645 1476 674 subtiliora
1494 646 1645 676 videantur
1666 659 1751 686 quam
1772 650 1901 686 veriora;

218 698 342 736 reliquas
364 707 448 732 verO,
472 707 543 735 quas
564 697 772 729 Dahlmannius
793 700 829 728 de
850 700 968 729 Luciani
989 700 1045 729 fide
1066 701 1154 729 movit
1175 700 1381 736 dubitationes,
1408 712 1472 731 mea
1494 703 1608 740 quidem
1630 706 1770 734 sententia
1790 711 1902 735 tantum

219 755 299 783 abest
319 758 350 782 ut
371 753 536 782 sustulerint
556 753 684 785 Jacobus
702 757 735 795 ΙΙ)
758 757 818 792 alii,
842 761 873 785 ut
894 757 1021 794 graviori
1043 757 1127 785 etiam
1149 757 1337 795 ampliorique
1358 759 1426 786 mihi
1447 759 1578 788 videatur
1599 770 1646 789 res
1667 771 1753 799 egere
1774 762 1902 801 disputa-

217 812 301 840 tione.
344 811 407 847 Qua
428 810 456 838 in
477 820 516 845 re,
541 821 628 849 quum
640 813 847 842 Dahlmannius
870 813 905 842 de
922 813 1080 842 levioribus
1098 814 1269 851 quibusdam
1290 815 1377 844 rebus
1397 815 1580 852 dubitaverit,
1604 817 1675 846 illud
1692 819 1814 847 maxime
1834 819 1903 847 mihi

217 868 330 896 videtur
351 867 557 904 inquirendum,
579 873 673 897 utrum
687 869 830 898 Lucianus
851 870 879 897 in
901 870 1086 908 amplioribus
1102 870 1216 905 libellis,
1242 871 1346 909 quibus
1360 871 1509 910 Peregrini
1523 872 1629 909 Protei,
1650 874 1810 903 Alexandri
1824 875 1902 904 Abo-

217 930 283 959 not.‚
308 924 514 963 (Demonactis)
535 925 624 953 vitam
646 925 804 964 descripsit,
826 926 954 955 historici
975 931 1072 955 tenere
1094 927 1215 956 volucrit
1236 932 1333 965 partes
1355 938 1390 956 an
1413 929 1519 958 satirici
1541 935 1568 959 et
1587 934 1700 968 poetae.
1743 931 1827 968 Quod
1847 931 1902 960 nisi

217 981 375 1010 accuratius
396 980 480 1009 fuerit
501 981 680 1020 exploratum
702 983 919 1021 definitumque,
944 984 1013 1021 quid
1034 984 1062 1012 in
1082 983 1209 1012 Luciano
1232 984 1269 1013 ad
1290 990 1520 1023 argumentorum
1541 987 1763 1025 splendidiorem
1787 989 1903 1027 elegan-

215 1039 371 1075 tioremque
392 1037 625 1076 descriptionem,
654 1039 723 1077 quid
745 1040 782 1068 ad
802 1050 900 1068 veram
926 1041 1061 1070 historiae
1083 1041 1289 1069 enarrationem
1310 1042 1491 1071 referendum
1511 1043 1563 1079 sit,
1588 1053 1625 1072 ne
1647 1045 1682 1073 dc
1703 1046 1764 1073 vita
1785 1046 1902 1084 quidem

215 1094 333 1123 Luciani
354 1094 441 1132 plana
463 1099 545 1124 erlmt
565 1096 666 1131 omnia,
689 1097 768 1134 cujus
796 1097 840 1125 rei
868 1102 1035 1135 argumento
1058 1102 1123 1126 sunt
1146 1097 1278 1126 Struvius
1307 1102 1335 1126 et
1354 1098 1539 1128 Wetzlarius.
1581 1100 1682 1139 Itaque
1704 1102 1794 1130 altera
1815 1112 1901 1140 quae-

215 1151 268 1180 stio
289 1151 397 1179 versari
419 1151 506 1180 debet
526 1152 555 1180 in
569 1161 610 1187 eo,
631 1163 698 1181 1111111
712 1153 838 1182 Luciano
852 1154 986 1183 habenda
1004 1154 1039 1182 sit
1052 1153 1131 1189 fides,
1153 1154 1203 1182 ubi
1217 1154 1351 1183 historico
1368 1165 1497 1184 sermone
1516 1166 1633 1186 narrare
1654 1157 1776 1187 videtur.
1819 1158 1902 1195 Quae

213 1208 320 1243 omnia,
347 1218 382 1236 ne
403 1207 472 1236 fines
493 1208 655 1246 hujusmodi
676 1210 859 1248 scriptionum
877 1211 960 1239 nimis
983 1211 1169 1246 excedamus,
1197 1222 1282 1249 quam
1302 1212 1460 1250 poterimus
1480 1213 1663 1249 brevissime,
1690 1214 1740 1243 ubi
1761 1215 1901 1244 librorum

213 1275 300 1303 supra
321 1264 462 1293 dictorum
482 1265 613 1295 facienda
634 1267 687 1295 erit
707 1267 819 1303 mentio,
842 1267 1024 1305 attingemus.
1066 1268 1188 1297 Rothius
1205 1268 1242 1306 ¹¹²)
1264 1278 1350 1304 vero,
1381 1270 1429 1307 qui
1452 1269 1487 1298 de
1509 1270 1613 1299 satirae
1635 1270 1783 1300 Romanae
1804 1272 1901 1301 indole

215 1321 375 1351 doctissime
404 1322 623 1361 acutissimeque
648 1333 739 1362 nuper
766 1324 893 1362 scripsit,
923 1334 987 1353 cum
1014 1325 1042 1353 in
1064 1334 1098 1353 ea
1119 1325 1286 1363 quaestione
1307 1325 1464 1355 Lucianum
1491 1336 1606 1365 quoque
1628 1328 1756 1366 attigerit
1778 1337 1901 1367 eumque

214 1379 390 1408 satiricorum
411 1378 510 1407 ordine
531 1378 679 1418 dejecerit,
704 1380 741 1409 ad
764 1390 797 1409 ea
819 1381 903 1410 etiam
923 1391 1018 1420 pauca
1038 1381 1135 1410 dicere
1155 1382 1184 1410 111
1206 1382 1299 1410 animo
1322 1387 1372 1411 est.
1416 1382 1497 1420 Quae
1518 1392 1587 1412 vero
1609 1394 1626 1412 a
1645 1384 1786 1423 theologis
1806 1389 1901 1414 motae

215 1440 281 1465 sunt
302 1435 490 1474 quaestiones,
513 1435 569 1464 alio
588 1436 650 1465 loco
671 1436 760 1466 fusius
781 1438 964 1467 tractavimus
983 1438 1028 1476 13).
1069 1438 1173 1477 Itaque
1193 1439 1221 1467 in
1243 1448 1276 1467 eo
1297 1439 1459 1468 versabitur
1479 1444 1577 1469 nostra
1599 1440 1769 1479 disputatio,
1791 1446 1823 1470 ut
1843 1451 1901 1480 quo

215 1492 314 1521 ordine
333 1501 397 1521 sese
419 1493 584 1531 exceperint
604 1493 695 1522 libelli
715 1494 852 1523 Lucianei
874 1495 1110 1524 demonstremus.
1152 1496 1332 1534 Argumenta
1352 1506 1421 1525 vero
1448 1497 1602 1526 eorundem
1623 1508 1709 1536 quam
1729 1498 1899 1527 brevissime

215 1559 387 1588 exponemus
409 1549 464 1584 ita,
491 1554 538 1585 ut,
567 1550 636 1588 quid
664 1550 699 1579 de
720 1551 881 1581 Lucianeae
902 1552 1008 1581 satirae
1029 1552 1139 1588 indole,
1171 1552 1299 1590 ejusdem
1320 1553 1356 1582 de
1377 1553 1560 1592 philosophia
1581 1559 1609 1583 et
1630 1554 1666 1583 de
1687 1555 1742 1584 fide
1763 1555 1901 1584 librorum

214 1606 427 1641 nonnullorum,
449 1606 498 1644 qui
518 1606 689 1636 videbantur
710 1607 852 1645 historici,
870 1609 1059 1647 judicandum
1080 1608 1133 1644 sit,
1155 1613 1303 1648 appareat.

304 1751 334 1783 7)
354 1750 388 1774 Ut
406 1750 521 1774 Reitzius
540 1751 568 1773 111
586 1749 688 1782 sylloge
708 1750 738 1775 de
758 1755 855 1781 aetate,
881 1752 948 1782 vita,
971 1752 1076 1784 scripu's
1095 1752 1218 1782 Luciani,
1238 1753 1276 1777 ed.
1296 1753 1398 1785 Bipont.
1417 1753 1436 1783 1,
1455 1752 1508 1782 LV,
1527 1760 1561 1777 ss.
1598 1753 1730 1778 Lehmann
1750 1754 1789 1778 ed.
1808 1754 1901 1778 Lucia-

356 1799 383 1822 ni
402 1802 471 1826 1822
490 1799 510 1829 I,
529 1799 598 1829 XIV,
623 1799 667 1830 qui
685 1800 863 1832 „gravioribus
881 1801 1022 1833 implicitus
1041 1800 1236 1825 difficultatibus
1255 1801 1338 1826 ordini
1357 1805 1479 1826 consueto
1498 1802 1524 1825 in
1542 1801 1615 1834 vulgi
1634 1804 1744 1834 gratiam
1762 1804 1903 1827 immanere

356 1847 497 1878 malebat,“
518 1852 543 1872 et
561 1848 676 1873 Rankius
695 1849 722 1872 in
742 1850 970 1874 commentatione:
994 1849 1089 1873 Pollux
1108 1853 1134 1873 et
1152 1850 1282 1874 Lucianus
1301 1853 1368 1878 1851
1389 1859 1415 1883 p.
1435 1855 1468 1878 14
1481 1858 1515 1875 ss.

305 1896 336 1927 8)
355 1896 527 1926 Schlosserus,
545 1897 736 1921 universalhist.
755 1898 909 1923 Uebersicht
926 1898 971 1929 111,
991 1902 1015 1925 2.
1035 1898 1060 1922 S.
1080 1902 1129 1926 221
1151 1899 1183 1923 ad
1202 1899 1250 1923 rite
1269 1899 1441 1932 disponendos
1454 1899 1563 1923 Luciani
1581 1899 1686 1924 libellos
1705 1901 1774 1924 viam
1792 1900 1903 1924 mum'vit

357 1944 566 1977 adumbravitque
586 1945 790 1979 descriptionem,
810 1955 886 1980 quam
905 1951 1008 1972 secutus
1026 1947 1128 1972 videtur
1147 1949 1224 1972 etiam
1243 1948 1353 1979 Preller,
1372 1949 1415 1980 qui
1435 1948 1465 1972 de
1484 1948 1598 1973 Luciano
1618 1949 1673 1981 egit
1691 1948 1775 1980 Pauly
1793 1948 1901 1973 Realen-

359 1993 461 2026 cyklop.
481 1994 524 2024 IV,
545 1997 622 2022 1165-

306 2042 336 2074 9)
356 2041 412 2066 Car.
430 2043 618 2073 Jacobitzium,
645 2044 688 2075 qui
711 2044 855 2076 nuperrime
874 2044 955 2069 edidit
972 2044 1081 2069 Luciani
1101 2053 1177 2078 opera
1197 2048 1343 2074 1856—41
1370 2053 1470 2070 omnem
1489 2047 1556 2072 hanc
1575 2047 1750 2079 quaestionem
1768 2053 1800 2070 ne
1819 2045 1899 2070 verbo

357 2091 458 2123 quidem
478 2092 609 2124 attigisse,
629 2092 714 2116 miror.

288 2140 336 2171 10)
355 2140 515 2170 Dahlmann,
533 2141 717 2173 Forschungen
736 2141 782 2165 auf
799 2141 855 2166 dem
875 2141 968 2166 Gebiet
988 2142 1031 2167 der
1050 2143 1205 2168 Geschichte
1224 2143 1257 2173 H,
1276 2146 1309 2170 26
1323 2143 1367 2176 flg.

289 2189 338 2220 11)
358 2188 434 2213 Libro
453 2189 556 2214 laudato
575 2198 634 2222 pag.
651 2193 814 2218 126—140-

289 2237 340 2269 12)
359 2237 528 2262 Schiinthaler
545 2239 696 2272 Programm
714 2247 765 2264 von
785 2242 863 2267 1844.

289 2285 337 2317 13)
357 2286 439 2316 Quam
458 2286 489 2311 de
507 2287 647 2320 Peregrino
666 2288 772 2319 Proteo,
797 2288 955 2320 Lucianique
974 2287 1005 2313 de
1028 2289 1104 2314 rebus
1122 2289 1325 2314 Christianorum
1340 2288 1439 2321 judicio
1459 2292 1485 2313 et
1502 2289 1534 2313 'dc
1553 2289 1633 2313 sacris
1653 2295 1739 2313 eorum
1757 2287 1831 2312 libris
1849 2287 1901 2312 Lu-

359 2335 432 2360 ciano
450 2335 519 2360 fama
537 2337 648 2369 cognitis
666 2337 825 2362 instituimus
843 2337 971 2370 triplicem
990 2339 1244 2368 commentationem,
1269 2339 1293 2362 ei
1311 2339 1339 2362 in
1357 2338 1548 2363 commentariis
1566 2337 1733 2369 theologicis,
1752 2337 1796 2369 qui
1814 2337 1901 2369 proxi-

358 2390 400 2407 mo
419 2391 484 2408 anno
503 2384 595 2417 (1851)
614 2386 768 2417 emittentur,
787 2386 873 2411 locum
890 2388 1007 2419 paratum
1026 2387 1066 2418 iri,
1084 2387 1178 2412 litteris
1196 2386 1228 2411 ad
1247 2394 1287 2412 me
1306 2386 1386 2418 datis,
1405 2387 1448 2419 qui
1467 2386 1520 2411 illis
1540 2385 1646 2411 edendis
1664 2387 1778 2418 praeest,
1796 2385 1902 2418 scripsit

358 2431 392 2457 D.
410 2432 572 2458 Ullmannius
590 2433 829 2467 Heidelbergensis.
