2280 2777
954 177 1208 212 -22-

245 280 397 309 cathedras
419 280 487 307 istas
506 289 522 307 a
542 278 642 305 Marco
663 278 784 306 Aurelio
804 278 927 306 Athenis
951 278 1064 306 demum
1086 287 1110 306 a.
1133 282 1191 309 176
1218 278 1361 307 institutas
1383 288 1444 307 csse
1466 280 1598 317 opinatur
1611 279 1663 318 ⁴⁹),
1693 281 1769 309 hunc
1794 281 1923 309 libellum

243 346 299 364 non
326 341 391 364 ante
421 345 445 363 a.
476 338 533 366 180
561 334 698 371 scriptum
726 338 817 372 putat.
859 334 933 362 Nam
962 335 1071 372 priores
1097 335 1157 372 jam
1178 334 1370 373 Imperatores
1397 335 1576 374 philosophis
1607 337 1713 366 salaria
1739 339 1923 376 proposuisse

242 396 361 421 constat.
388 408 428 412 —
461 391 557 418 Mores
586 390 731 418 rhetorum
760 395 789 419 et
817 391 1050 429 philosophorum
1080 391 1201 429 plurimo
1228 391 1288 419 sale
1317 391 1491 420 defricantur
1521 393 1550 420 in
1573 394 1709 422 Parasito
1730 400 1759 423 et
1780 395 1922 424 Convivio.

241 449 298 476 Illo
318 448 391 476 libro
412 446 489 475 Simo
510 446 626 483 quidam
648 451 738 475 artem
761 456 823 476 esse
839 448 1018 486 parasiticam
1041 448 1218 476 demonstrat
1238 448 1317 476 miris
1338 457 1406 476 sane
1423 450 1597 486 argumentis
1619 454 1647 478 et
1668 450 1722 485 ita,
1742 455 1775 479 ut
1794 451 1923 480 Platonis

244 509 334 533 artem
353 504 382 531 in
403 502 489 530 rebus
511 502 678 531 definiendis
700 508 728 532 et
748 504 898 533 vocabulis
921 505 1084 533 derivandis
1112 504 1262 543 (Gorgiam
1285 514 1308 532 e.
1330 515 1358 542 g.
1380 505 1515 543 nomino),
1537 515 1590 544 per
1609 506 1727 535 ironiam
1750 507 1875 536 imitetur
1896 512 1923 536 et

241 561 342 598 quavis
363 559 470 587 ratione
493 568 608 587 eausam
629 559 789 589 inferiorem
812 561 933 590 dicendo
954 561 1057 590 reddat
1079 563 1263 600 superiorem.
1307 562 1439 590 Com-{vio
1466 572 1535 590 vero
1562 563 1651 591 multo
1681 564 1765 591 etiam
1791 564 1921 592 festivius

237 617 327 645 omnis
347 616 459 653 generis
480 615 645 654 philosophi
662 617 753 655 epulis
774 618 950 656 nuptialibus
972 618 1172 647 accumbentes
1194 620 1235 647 ita
1256 618 1466 657 depinguntur,
1486 624 1519 647 ut
1542 619 1666 657 ipsorum
1687 619 1791 654 fastus,
1813 621 1920 649 voraci-

238 677 297 707 tas,
324 671 514 710 impudentia,
547 672 694 708 libidines,
723 673 835 702 rixandi
856 675 951 703 studia
971 675 1145 713 reliquorum
1167 676 1350 704 convivarum
1371 675 1528 703 modestiae
1550 686 1583 704 ac
1604 677 1810 714 temperantiae
1832 686 1919 715 oppo-

236 733 347 757 nantur.
390 728 473 765 Quod
495 729 548 757 sub
570 729 653 758 finem
675 730 797 758 convivii
819 731 945 759 homines
968 732 1123 769 turpissimi
1153 730 1189 760 ad
1211 737 1356 761 cruentam
1377 741 1504 770 pugnam
1524 731 1598 760 inter
1627 743 1658 761 se
1688 734 1922 772 congrediuntur,

234 786 425 823 Lapitlzarmn
453 795 556 813 nomen
584 786 704 815 inditum
729 791 772 815 est
799 788 864 816 huic
893 787 998 816 libello.
1030 804 1070 808 ——
1101 789 1142 817 At
1169 799 1186 816 a
1207 789 1334 817 moribus
1364 789 1526 826 aequalium
1546 788 1699 818 irridendis
1726 790 1763 819 ad
1788 795 1919 819 veterum

235 842 320 870 etiam
342 842 577 880 philosophorum
595 843 843 881 perstringendam
865 844 1063 873 auctoritatem
1079 845 1224 874 Lucianea
1240 846 1423 884 progreditur
1439 846 1583 874 cavillatio
1603 845 1632 874 in
1652 847 1779 875 sitarum
1793 848 1920 876 auctione

234 898 321 937 (Βίων
343 898 481 937 πρᾶσις).
512 899 547 926 In
568 899 622 928 hoc
643 901 780 938 opusculo
802 901 842 928 ita
864 901 996 938 exposita
1016 906 1081 930 sunt
1103 903 1210 937 omnia,
1231 907 1263 931 ut
1284 903 1312 930 in
1333 912 1418 931 scena
1433 903 1514 940 quasi
1529 907 1633 941 agatur
1645 913 1700 932 res.
1735 903 1919 941 Singularum

237 955 311 982 enim
333 955 546 993 disciplinarum
568 961 697 985 auctores
719 967 859 995 praecone
881 957 1025 986 Mercurio
1046 963 1077 987 ut
1098 959 1174 987 servi
1195 959 1243 987 vel
1264 969 1368 997 pecora
1389 959 1564 995 venduntur,
1594 959 1791 998 Pythagoras,
1813 960 1919 998 Dioge-

232 1022 297 1045 nes,
329 1012 510 1050 Aristippus,
537 1013 732 1048 Democritus,
764 1014 944 1049 Heraclitus,
977 1014 1125 1049 Socrates,
1158 1016 1313 1054 Epicurus,
1348 1016 1544 1054 Chrysippus,
1575 1016 1760 1051 Aristoteles,
1793 1016 1917 1054 Pyrrho.

232 1068 313 1104 Quae
334 1068 544 1106 Aristophanes
561 1069 622 1107 jam
644 1075 743 1098 contra
766 1070 942 1099 Socraticam
970 1072 1104 1100 virtutem
1126 1076 1155 1101 et
1175 1073 1352 1101 honestatem
1381 1073 1606 1110 petulantissime
1634 1074 1789 1112 scripserat
1809 1075 1838 1103 in
1858 1074 1917 1103 Nu-

232 1124 331 1159 bibus,
354 1134 388 1153 ea
409 1125 445 1153 ab
468 1125 608 1155 imitatore
631 1127 792 1155 comoediae
814 1128 941 1156 Luciano
964 1134 1105 1166 augentur
1128 1129 1225 1163 etiam,
1254 1130 1303 1167 qui
1323 1134 1355 1157 ut
1376 1129 1456 1167 vulgi
1477 1129 1585 1158 scilicet
1605 1130 1665 1158 risu
1685 1131 1847 1169 plausuque
1869 1141 1917 1159 ex-

233 1181 390 1219 ciperetur,
411 1182 439 1210 in
462 1183 594 1220 egregios
615 1183 684 1212 istos
706 1184 780 1212 viros
802 1184 929 1219 fabulas,
953 1185 1123 1220 calumnias,
1144 1186 1293 1214 mendacia
1315 1186 1433 1224 protulit
1454 1186 1639 1223 ineptissima.
1671 1187 1713 1215 At
1733 1197 1821 1225 quum
1843 1189 1918 1216 vitae

230 1248 253 1266 s.
277 1238 392 1266 scholae
413 1239 647 1277 philosophorum
668 1241 720 1268 sub
743 1241 825 1269 hasta
845 1242 927 1279 quasi
948 1242 1122 1277 vendantur,
1144 1252 1199 1271 nou
1218 1248 1275 1271 tam
1290 1243 1451 1271 inventores
1466 1242 1694 1280 disciplinarum,
1717 1254 1804 1281 quam
1825 1248 1916 1273 secta-

226 1299 305 1323 tores
327 1294 434 1323 dixeris
454 1296 624 1334 pcrstringi;
661 1298 713 1325 sed
734 1298 795 1335 ipse
815 1298 929 1327 nimiam
951 1299 1137 1337 petulantiam
1150 1322 1157 1334 ,
1192 1309 1249 1337 qua
1271 1309 1394 1328 summos
1424 1300 1493 1328 istos
1514 1299 1591 1328 viros
1612 1300 1806 1336 laceraverat,
1838 1301 1915 1329 edito

230 1355 333 1390 postea
352 1351 466 1387 libello,
497 1353 546 1390 qui
567 1353 699 1382 Piscator
726 1354 900 1390 inscribitur,
932 1356 1084 1384 emendare
1108 1360 1136 1384 et
1162 1357 1306 1394 corrigere
1327 1356 1427 1384 voluit.
1470 1356 1618 1394 Ejusmodi
1646 1357 1752 1386 libellis
1775 1367 1839 1386 eum
1858 1367 1915 1386 non

231 1408 325 1437 solum
345 1408 560 1438 admirationem
581 1411 633 1439 sed
654 1411 790 1440 invidiam
811 1412 896 1440 etiam
918 1413 1106 1442 contraxisset
1128 1413 1305 1451 aequalium,
1327 1414 1404 1451 ipse,
1438 1417 1470 1441 ut
1497 1413 1541 1441 sui
1567 1413 1674 1451 ingenii
1695 1423 1822 1451 suaeque
1844 1415 1914 1443 artis

228 1464 302 1493 ratio
324 1475 398 1494 novo
425 1466 479 1495 hoe
502 1466 679 1505 dialogorum
705 1478 810 1505 genere
839 1470 1025 1507 comprobata
1052 1474 1129 1498 recte
1158 1471 1374 1505 aestimaretur,
1410 1470 1525 1508 scripsit
1554 1470 1668 1498 libellos
1700 1472 1748 1502 45.
1768 1473 1831 1505 46„
1864 1471 1913 1508 qui

229 1521 435 1551 inscribuntur:
467 1523 519 1551 Bis
539 1529 702 1558 accusatus,
725 1530 753 1553 et
774 1526 958 1555 Prometheus
979 1537 1007 1555 cs
1027 1528 1056 1555 in
1078 1527 1177 1556 verbis.
1206 1528 1260 1555 Bis
1279 1527 1352 1555 enim
1373 1532 1536 1555 accusatum
1557 1536 1587 1555 se
1608 1527 1690 1565 fingit
1709 1527 1854 1556 Lucianus
1875 1527 1912 1556 ab

225 1579 367 1607 rhetorica
388 1583 417 1607 et
438 1589 455 1607 a
476 1580 672 1618 philosophia,
694 1582 771 1619 quod
792 1582 876 1611 fidem
896 1583 1053 1612 rhetoricae
1076 1584 1172 1612 datam
1193 1584 1342 1617 fefellerit,
1367 1584 1474 1621 dialogi
1495 1593 1564 1612 vero
1585 1584 1747 1621 graviorem
1769 1589 1797 1612 et
1819 1584 1913 1612 excel-

226 1635 329 1664 siorem
348 1641 479 1665 naturam
497 1637 534 1665 ad
551 1638 647 1675 jocum
670 1643 697 1666 ct
719 1649 811 1676 nugas
833 1640 1004 1669 adhibuerit.
1046 1640 1162 1679 Jupiter
1182 1640 1328 1669 ,Iustitiam
1351 1641 1435 1669 deam
1456 1641 1689 1679 Mercuriumque
1711 1641 1841 1679 delegat,
1863 1641 1912 1679 qui

226 1692 300 1721 lianc
326 1693 421 1727 litem,
453 1697 484 1722 ut
512 1694 616 1723 multas
643 1695 713 1723 alias
743 1696 815 1724 inter
841 1697 1079 1735 philosophorum
1106 1698 1220 1726 scholas
1245 1702 1336 1731 ortas,
1368 1697 1460 1726 facete
1488 1697 1654 1736 dijudicant.
1696 1698 1826 1726 Eandem
1852 1698 1912 1726 fere

229 1749 363 1778 tractavit
384 1759 444 1778 rem
464 1750 493 1778 in
515 1751 736 1786 declamatione,
759 1762 832 1790 quae
850 1753 885 1782 ab
902 1764 935 1782 eo
957 1764 1057 1783 nomen
1080 1755 1206 1793 accepit,
1230 1755 1306 1793 quod
1322 1755 1419 1782 rhetor
1434 1754 1566 1792 quidam,
1588 1759 1619 1783 ut
1640 1754 1772 1789 videtur,
1793 1754 1909 1783 Atticus

227 1806 385 1834 Lucianum
406 1808 575 1836 Promethea
595 1819 653 1837 esse
675 1809 703 1837 in
729 1810 820 1838 verbis
841 1810 961 1840 dixerat.
1004 1811 1079 1840 Mira
1100 1812 1140 1840 ibi
1160 1811 1331 1840 inventionis
1359 1816 1419 1839 arte
1446 1811 1541 1839 varias
1570 1811 1654 1848 hujus
1681 1812 1802 1840 nominis
1826 1811 1911 1839 inter-

225 1863 358 1900 pretandi
387 1864 513 1892 rationes
545 1865 726 1902 persequitur
754 1870 782 1894 et
813 1867 917 1905 quibus
949 1868 983 1896 de
1021 1869 1128 1897 caussis
1159 1869 1231 1897 tanti
1268 1868 1388 1896 nominis
1422 1868 1558 1896 honorem
1587 1868 1646 1896 suis
1681 1868 1788 1896 libellis
1824 1867 1911 1896 tribui

226 1919 310 1954 velit,
337 1921 461 1958 exponit.

381 1977 441 2006 Nee
464 1988 532 2006 vero
553 1978 786 2016 philosophorum
808 1985 917 2009 tautum
935 1986 983 2009 aut
1005 1982 1165 2016 rhetorum,
1187 1981 1239 2010 sed
1261 1982 1350 2010 omnis
1367 1981 1480 2019 generis
1495 1981 1639 2009 hominum
1659 1981 1795 2009 ridiculos
1808 1990 1911 2015 mores,

222 2042 329 2070 pravas
353 2035 586 2069 eonsuetudines,
609 2036 679 2064 vitia
698 2036 852 2065 insectatus
876 2042 918 2066 est
939 2038 1097 2073 Lucianus,
1118 2043 1164 2072 ut,
1187 2038 1266 2076 quod
1281 2039 1310 2067 in
1324 2038 1453 2076 plurimis
1474 2037 1636 2066 hominibus
1654 2038 1804 2072 invenitur,
1826 2037 1909 2066 sortis

222 2099 291 2117 suae
313 2090 451 2126 taedium,
473 2092 559 2129 gulae
578 2092 788 2130 impotentiam,
811 2094 899 2122 vitam
920 2095 1112 2130 luxuriosam,
1142 2096 1334 2124 hereditatum
1357 2095 1550 2133 captationes,
1579 2095 1649 2129 alia,
1676 2104 1751 2132 quae
1772 2094 1909 2122 Horatius

223 2146 307 2174 etiam
336 2152 364 2175 et
388 2147 538 2177 Juvenalis
560 2150 796 2187 perstrinxerunt.
838 2151 871 2179 In
903 2152 1041 2190 ejusmodi
1068 2152 1155 2181 rebus
1185 2157 1337 2181 versantur
1359 2154 1478 2184 47-49
1516 2153 1612 2180 Timon
1639 2162 1661 2180 s.
1683 2152 1909 2188 rUisantlzropus,

221 2203 359 2232 sommium
379 2205 490 2242 rllz'cylli
509 2216 530 2234 s.
556 2206 673 2241 Gallim,
705 2208 859 2245 Naviyz'zmn
887 2219 909 2236 s.
940 2213 1013 2237 rota.
1055 2209 1173 2244 Timon,
1210 2219 1294 2247 quem
1330 2219 1366 2237 ex
1393 2208 1587 2246 Aristophane
1619 2218 1717 2237 omnes
1744 2212 1848 2238 norunt
1877 2213 1909 2237 ut

221 2259 350 2288 Deorum
371 2261 573 2299 hominumque
595 2263 756 2299 inimicum,
779 2264 827 2301 qui
849 2265 1023 2294 immanitate
1046 2267 1171 2304 quadam
1194 2272 1221 2295 et
1243 2266 1397 2304 asperitate
1418 2269 1538 2294 naturae
1561 2275 1744 2303 congressum
1764 2266 1908 2294 hominum

290 2402 341 2433 49)
360 2403 443 2435 Pauly
463 2405 644 2437 Real-Encycl.
664 2406 708 2436 IV,
729 2410 806 2434 1¹69.
833 2406 992 2432 Antoninum
1017 2408 1162 2434 rhetoribus
1187 2414 1212 2434 et
1229 2409 1391 2442 philosophis
1409 2417 1455 2441 pcr
1480 2417 1568 2433 omnes
1595 2408 1743 2441 provincias
1769 2407 1863 2432 salaria
1882 2411 1907 2431 et

357 2451 466 2477 honores
485 2453 615 2483 detulisse,
636 2457 747 2479 testatur
765 2456 928 2488 Capitolinus
948 2457 974 2480 in
993 2457 1037 2481 vit.
1058 2458 1152 2482 Anton.
1173 2462 1214 2485 11.
1243 2458 1343 2482 Similia
1363 2458 1394 2482 de
1413 2457 1573 2489 Vespasiano
1591 2460 1678 2480 narrat
1699 2456 1802 2480 Sueton.
1829 2455 1906 2488 Vesp-

361 2503 402 2530 18,
423 2505 447 2524 et
467 2501 497 2525 de
516 2502 648 2527 Hadriano
671 2503 754 2535 Spart.
774 2505 829 2528 vita
848 2505 929 2530 Hadr.
951 2509 991 2533 16.
1018 2506 1063 2531 cfr.
1085 2506 1134 2531 hae
1155 2506 1185 2531 de
1212 2515 1239 2531 re
1258 2506 1407 2538 Bernhardy
1427 2505 1589 2538 griechisehe
1614 2504 1746 2529 Literatur
1770 2505 1789 2536 1,
1808 2507 1860 2532 408
1879 2504 1906 2528 ff·

360 2549 412 2573 und
431 2550 557 2574 romische
577 2551 704 2576 Literatur
724 2555 782 2581 281.
