2280 2777
1051 186 1307 221 „31—

327 291 431 331 judicii
452 289 617 319 exhibuisse
638 289 778 317 concedes
800 288 978 323 Lucianum,
1007 286 1086 325 quod
1105 287 1191 315 verba
1213 289 1325 314 tantum
1345 288 1497 323 poetarum
1514 288 1542 313 et
1563 293 1609 313 res
1631 284 1660 312 in
1682 282 1788 312 fabulis
1810 282 1938 321 prolatas
1965 291 2029 319 pcr-

332 348 462 382 strinxit,
496 347 575 375 ideas
596 355 665 374 vero
686 355 781 374 rerum
804 345 965 373 divinarum
985 344 1123 382 piumque
1144 342 1217 371 illud
1239 342 1398 370 animorum
1421 341 1611 375 desiderium,
1643 350 1679 368 ex
1702 349 1758 377 quo
1778 338 1925 377 profectae
1948 343 2031 366 erant

332 405 406 433 istae
426 403 557 437 fabulae,
577 411 614 430 ne
636 401 723 430 sensit
746 401 862 439 quidem
882 400 988 429 nedum
1015 399 1173 438 perspexit.
1214 398 1319 435 Itaque
1347 398 1371 426 si
1392 397 1512 426 Luciani
1540 397 1576 425 de
1598 397 1661 425 Diis
1688 406 1782 434 nugas
1812 396 1884 424 istas
1911 404 1975 423 cum
1996 394 2031 422 iis
2068 404 2071 407 ·

334 459 559 498 comparaveris,
583 468 657 496 quae
678 457 836 492 Pindarus,
866 456 1047 494 Aeschylus,
1081 455 1240 493 Sophocles
1262 454 1364 482 iisdem
1385 453 1546 482 fabularum
1569 453 1746 482 Graecarum
1774 452 1834 480 nixi
1856 450 2032 489 argumentis

334 516 492 554 singularia
515 525 548 544 ac
570 514 668 543 divina
688 512 832 542 mentibus
854 512 913 540 suis
936 515 1130 550 conceperunt
1150 511 1358 548 foveruntque,
1397 509 1505 538 insulse
1535 519 1603 538 sane
1631 514 1660 538 et
1687 510 1783 547 inepte
1805 509 1902 538 risisse
1924 507 2033 536 dixeris

333 573 506 607 Lucianum,
527 581 687 610 parumque
708 580 778 609 prae
801 579 831 598 se
847 569 946 598 tulisse
964 568 1067 607 judicii
1087 568 1134 596 vel
1146 568 1348 603 verecundiae,
1370 566 1419 605 qui
1434 575 1560 594 summos
1574 566 1812 604 philosophorum
1827 575 1861 594 ac
1881 568 2031 603 poe'tarum

335 633 453 658 conatus
479 629 516 657 sit
544 627 669 656 ludibrio
692 636 846 664 exponere.
890 625 965 654 Nam
996 625 1046 663 qui
1072 628 1196 662 augusta
1216 625 1329 659 rident,
1361 623 1476 652 ridiculi
1498 626 1637 659 apparent
1660 622 1727 659 ipsi,
1760 626 1789 650 et
1812 622 1859 660 qui
1881 620 2033 659 magnifica

334 689 485 724 proterunt
506 694 539 713 ae
562 684 744 719 conculcant,
765 682 870 720 pusillo
893 686 979 720 atque
1001 681 1079 710 inani
1100 681 1193 710 animo
1214 691 1245 709 se
1269 690 1332 709 esse
1353 680 1408 718 ipsi
1431 679 1587 707 declarant.

496 741 538 769 At
559 741 584 769 si
602 740 761 768 Lucianum
777 739 955 768 Graecorum
976 742 1126 776 poetarum
1142 737 1262 775 egregia
1276 740 1460 765 monumenta
1478 734 1771 773 philosophorumque
1793 734 1911 762 decreta
1932 742 2034 771 parum

334 797 519 837 perspexisse
543 797 590 825 vel
614 797 711 834 inique
733 795 931 824 aestimavisse
953 795 1121 829 statuimus,
1150 794 1274 823 eundem
1296 792 1509 831 superstitiosas
1531 791 1765 829 philosophorum
1789 790 1953 827 aequalium
1974 789 2035 826 opi—

335 855 435 883 niones
457 858 536 882 recte
557 854 738 891 vituperasse
761 851 952 880 concedimus
993 851 1084 879 Erant
1107 851 1181 879 enim
1203 860 1240 879 ex
1254 849 1397 878 Hadriani
1416 848 1483 877 inde
1505 847 1698 885 temporibus,
1721 847 1769 884 qui
1791 856 1836 874 res
1859 845 2035 874 Graecorum

337 921 435 940 sacras
457 915 485 939 et
506 910 623 939 oracula
644 909 719 938 tueri
738 909 847 937 vellent
869 907 999 936 adhibita
1019 917 1095 936 nova
1110 906 1236 944 quadam
1251 906 1451 945 philosophia,
1474 905 1555 942 cujus
1573 903 1712 941 principia
1734 913 1769 931 ex
1786 902 1976 931 Orientalium
1999 901 2035 929 de

337 968 425 996 rebus
454 967 560 996 divinis
587 966 736 995 sententiis
764 969 793 993 et
818 964 950 992 Platonis
979 964 1200 1001 Stoicorumque
1230 963 1354 992 decretis
1385 961 1508 990 conflata
1533 960 1801 997 Νθορῖαεοηῐεονιιιη
1829 962 2035 996 praepar-arsut

339 1024 530 1061 disciplinam.
570 1022 709 1060 Ejusdem
730 1020 930 1059 philosophiae
960 1020 1084 1058 vestigia
1111 1020 1256 1048 inveneris
1285 1020 1314 1047 in
1336 1017 1511 1052 Plutarcho,
1545 1016 1693 1054 Appulejo
1728 1021 1755 1044 et
1786 1015 1914 1043 Maximo
1938 1014 2036 1051 Tyrio,

340 1081 391 1118 qui
412 1080 449 1108 de
469 1079 608 1114 oraculis,
643 1078 830 1107 daemonibus
852 1077 1020 1114 artibusque
1042 1077 1163 1114 magicis
1191 1085 1378 1114 composuere
1407 1074 1506 1103 libros.
1550 1073 1631 1109 Quae
1661 1082 1749 1110 quum
1770 1072 1921 1110 placerent
1942 1070 2037 1108 Impe-

339 1136 498 1171 ratoribus,
530 1135 651 1164 humilia
672 1144 786 1173 quoque
811 1133 895 1162 facile
919 1133 1077 1162 credideris
1110 1137 1138 1162 et
1167 1133 1324 1162 mediocria
1344 1131 1461 1169 ingenia
1482 1129 1685 1168 philosophiae
1707 1129 1753 1157 isti
1774 1138 1891 1166 operam
1913 1126 2037 1161 dedisse,

340 1192 417 1222 unde
439 1202 544 1221 novum
566 1192 706 1229 originem
728 1190 811 1219 duxit
832 1190 1066 1228 superstitionum
1087 1199 1195 1227 genus,
1216 1199 1292 1217 nova
1305 1188 1428 1217 oraculis
1446 1186 1546 1215 habita
1567 1185 1647 1214 fides.
1681 1186 1808 1214 Luciano
1825 1190 1920 1214 autem
1937 1184 2039 1212 mirum

343 1254 483 1287 quantum
506 1248 679 1287 displicuere
707 1248 754 1276 isti
781 1246 954 1285 philosophi.
995 1247 1098 1284 Itaque
1128 1251 1159 1274 ut
1192 1246 1317 1274 omnium
1338 1245 1467 1283 gentium
1494 1242 1648 1280 religiones
1678 1246 1706 1270 et
1732 1242 1948 1280 superstitiones
1975 1250 2040 1278 per-

341 1306 531 1340 lustraverat,
566 1305 606 1333 ita
633 1305 687 1333 sub
710 1305 786 1334 vitae
814 1305 898 1333 finem
925 1313 1033 1332 novum
1061 1303 1146 1331 etiam
1173 1303 1226 1331 hoc
1252 1302 1382 1340 magicae
1412 1306 1440 1330 et
1470 1299 1688 1339 philosophicae
1717 1298 1926 1336 superstitionis
1947 1306 2040 1335 genus

340 1361 594 1401 perstringendum
615 1362 670 1390 sibi
693 1371 755 1390 csse
777 1361 980 1390 arbitrabatur.
1017 1359 1103 1396 Quod
1124 1369 1213 1397 quum
1233 1359 1344 1396 absque
1366 1358 1415 1386 via
1437 1357 1561 1395 quadam
1584 1360 1612 1385 et
1634 1355 1742 1384 ratione
1764 1354 1835 1383 effici
1856 1364 1912 1382 non
1932 1356 2040 1392 posset,

341 1420 371 1448 in
389 1419 508 1458 Epicuri
529 1419 623 1456 magis
646 1428 710 1446 eum
732 1418 884 1456 magisque
906 1418 1037 1446 videmus
1059 1426 1090 1445 se
1108 1416 1305 1453 conjicientem
1328 1419 1438 1449 castra,
1464 1414 1572 1452 quippe
1595 1412 1644 1451 qui
1665 1412 1742 1440 solus
1761 1411 1887 1440 omnium
1907 1414 2040 1438 naturam

339 1486 437 1505 rerum
455 1479 483 1504 et
504 1485 579 1513 quae
600 1485 670 1504 vera
691 1480 720 1503 et
741 1475 863 1513 pulchra
881 1474 938 1502 siut
959 1473 1142 1512 perspexerit
1164 1472 1263 1511 (Alex.
1283 1475 1312 1503 8.
1333 1475 1379 1503 17.
1397 1476 1445 1502 25.
1465 1473 1512 1503 45.
1535 1469 1611 1508 GL),
1641 1468 1827 1506 hominesque
1850 1467 1886 1495 ab
1907 1465 2041 1495 maximis

340 1533 470 1571 tyrannis
492 1542 543 1570 spe
565 1542 598 1560 ac
619 1536 697 1560 metu
718 1532 842 1560 liberare
864 1531 963 1569 possit.
1011 1529 1046 1557 In
1073 1529 1196 1567 physica
1219 1532 1295 1557 certe
1326 1527 1524 1566 philosophiae
1547 1530 1629 1565 parte
1653 1525 1810 1563 Epicurum
1837 1523 1961 1552 maxime
1991 1521 2040 1551 ad-

342 1589 463 1624 amavit,
484 1589 514 1617 iu
534 1589 636 1617 morali
653 1593 748 1616 autem
763 1588 915 1625 disciplina
937 1586 1115 1615 Socraticam
1136 1586 1318 1614 honestatem
1333 1594 1397 1613 eum
1418 1583 1537 1622 Epicuri
1559 1587 1587 1611 et
1605 1582 1748 1619 Aristippi
1769 1581 1901 1609 comitate
1923 1584 1952 1608 et
1972 1578 2039 1607 faci-

341 1646 423 1674 litate
446 1644 676 1683 conjungendam
697 1649 785 1679 ratus,
807 1643 992 1672 Demonactis
1014 1643 1103 1670 vitam
1125 1641 1316 1670 describendo
1338 1641 1463 1679 speciem
1485 1639 1630 1678 quandam
1644 1637 1816 1677 philosophi,
1842 1636 1957 1674 qualem
1978 1635 2042 1674 ipse

343 1702 549 1731 informaverat
571 1701 680 1735 animo,
702 1710 873 1739 componere
895 1700 1011 1728 videtur
1032 1699 1169 1727 voluisse.

506 1758 554 1786 Ex
574 1758 619 1786 his
640 1767 745 1791 eorum,
769 1757 818 1795 qui
840 1760 994 1794 supersunt
1016 1755 1169 1789 librorum,
1192 1758 1364 1791 argumenta
1379 1757 1407 1781 et
1423 1752 1553 1781 ordinem
1576 1751 1660 1780 facilc
1683 1751 1812 1788 colliges.
1845 1749 1918 1778 Sunt
1942 1751 2039 1777 autem

343 1819 464 1847 69-76
481 1815 699 1852 Philopseudes,
720 1814 888 1842 Alexander
908 1813 969 1840 sive
991 1811 1219 1845 Pseudomantis,
1242 1812 1405 1845 Demonaoe,
1429 1809 1466 1837 ad
1485 1818 1556 1847 quos
1570 1808 1710 1837 accedunt
1726 1806 1950 1835 declamationes
1968 1804 2042 1833 duae

344 1873 481 1900 Hercules
503 1876 529 1899 et
548 1872 682 1899 Bacchias
705 1875 732 1899 et
755 1875 812 1899 tres
836 1870 864 1897 iu
886 1869 1025 1907 Aegypto
1047 1868 1201 1905 conscripti
1222 1867 1303 1895 libri:
1332 1867 1473 1904 Apologsia
1494 1877 1516 1894 s.
1535 1876 1591 1903 pro
1613 1865 1736 1893 nzmoeecle
1757 1863 1913 1898 conductis,
1936 1862 2040 1890 calum-

344 1928 452 1956 uiatori
471 1937 528 1956 non
549 1932 649 1955 temere
666 1928 835 1956 credendum
856 1932 882 1955 et
897 1936 955 1964 pro
978 1927 1062 1962 lapsa
1085 1925 1113 1952 in
1133 1924 1293 1952 salutando.
1336 1923 1512 1951 Wetzlarius
1535 1926 1617 1950 acute
1637 1921 1811 1958 suspicatur,
1846 1922 2044 1947 senescentem

346 1984 505 2012 Lucianum
525 1992 556 2011 re
578 1982 713 2011 familiari
734 1983 886 2021 paullatim
908 1982 1048 2010 diminuta
1069 1985 1097 2009 et
1117 1979 1251 2008 mercede
1271 1980 1390 2018 publica
1419 1989 1470 2018 pro
1500 1977 1697 2017 philosophiae
1720 1976 1896 2004 institutione
1918 1984 1975 2003 11011
1996 1974 2045 2002 im-

346 2044 461 2079 petrata
483 2040 567 2078 (rhet.
589 2049 685 2077 praec.
708 2039 852 2078 Eunuch.)
876 2042 1007 2067 coactum
1030 2037 1124 2065 denuo
1142 2036 1244 2071 fuisse,
1279 2040 1311 2065 ut
1333 2035 1591 2065 declamationibus
1620 2035 1708 2062 vitam
1730 2035 1922 2067 sustentaret;
1957 2040 2045 2068 quum

347 2106 417 2124 vero
439 2096 543 2134 plausu
567 2096 667 2124 minori
698 2100 836 2134 exceptus
863 2100 955 2130 essct,
987 2103 1090 2122 munus
1117 2093 1265 2131 publicum
1286 2094 1315 2121 in
1336 2093 1475 2131 Aegypto
1498 2092 1626 2120 oblatum
1647 2090 1782 2118 lubenter
1798 2088 1968 2126 suscepisse.
2010 2086 2045 2115 In

347 2154 470 2181 Hercule
489 2154 529 2192 (1.
545 2152 584 2190 7.)
608 2157 636 2181 et
655 2153 771 2181 Baccho
794 2154 833 2191 (6.
847 2152 888 2190 8.)
911 2151 1055 2180 Lucianus
1077 2151 1192 2179 fabulas
1207 2150 1245 2178 ad
1265 2154 1443 2178 senectutem
1465 2158 1547 2177 suam
1561 2147 1737 2186 pertinentes
1758 2149 1865 2173 narrat.
1908 2143 1949 2173 Ut
1971 2143 2045 2171 enim

346 2209 480 2238 Bacchus
501 2209 605 2244 Indos,
627 2219 645 2237 a
666 2209 770 2247 quibus
792 2209 871 2237 initio
894 2212 1052 2237 contemtus
1069 2207 1168 2242 fuerit,
1190 2206 1293 2235 vicerIt
1314 2216 1379 2234 cum
1401 2205 1544 2239 exercitu,
1567 2204 1607 2232 ita
1627 2213 1657 2231 se
1680 2202 1765 2231 etiam
1783 2201 1862 2236 illos,
1886 2201 1935 2239 qui
1950 2210 2043 2238 parva

349 2265 385 2294 de
407 2275 437 2294 se
460 2266 707 2304 exspectaverint,
730 2266 947 2294 amoenissimae
969 2264 1152 2302 eloquentiae
1174 2264 1204 2292 vi
1224 2267 1390 2301 superatum
1412 2262 1447 2291 iri
1469 2264 1575 2299 sperat.
1617 2260 1699 2287 Idem
1720 2260 1886 2292 Herculem,
1914 2256 2048 2285 vetustis-

348 2322 451 2350 simum
465 2321 615 2351 Gallorum
626 2322 721 2350 Deum
738 2322 919 2360 eundemque
933 2321 1114 2359 eloquentiae
1136 2320 1300 2358 praesidem
1315 2329 1378 2348 cum
1390 2322 1480 2346 semet
1495 2318 1559 2355 ipso
1575 2325 1685 2354 suaque
1702 2314 1869 2353 eloquentia
1883 2317 2046 2351 comparat3

349 2379 378 2406 in
400 2378 517 2407 senibus
539 2379 613 2407 enim
627 2379 741 2407 demum
764 2379 861 2416 perfici
883 2378 923 2406 ait
945 2377 1140 2415 eloquentiam
1156 2377 1291 2414 velleque
1313 2386 1343 2404 se
1357 2375 1521 2404 cicadarum
1541 2374 1570 2401 in
1591 2382 1699 2401 morem
1719 2380 1812 2409 usque
1835 2370 1874 2399 ad
1894 2379 2048 2408 vesperum

350 2439 483 2463 senectae
506 2445 572 2464 suos
593 2435 752 2473 producere
775 2440 884 2464 cantus.
916 2451 957 2455 —
990 2434 1031 2462 At
1052 2433 1167 2471 majoris
1188 2434 1278 2461 multo
1300 2432 1337 2460 ad
1365 2431 1456 2460 seculi
1478 2439 1570 2458 mores
1592 2428 1806 2467 pernoscendos
1826 2427 1964 2455 momenti
1985 2430 2051 2454 sunt

348 2490 415 2519 libri
436 2492 640 2529 Philopseudes
662 2496 690 2520 et
712 2493 886 2520 Alexander.
932 2491 966 2519 Iu
988 2491 1178 2528 Philopseude
1191 2489 1426 2528 philosophorum
1449 2487 1580 2515 audimus
1603 2485 1746 2523 colloquia
1767 2483 1879 2522 aegroti
1900 2482 2051 2521 cujusdam

350 2547 537 2576 assidentium
566 2549 650 2577 lecto.
697 2548 773 2577 Mira
803 2558 871 2577 sane
904 2552 931 2576 et
963 2547 1050 2576 anilia
1078 2551 1230 2575 narrantur
1263 2546 1300 2574 de
1328 2544 1493 2573 morborum
1521 2542 1740 2572 incredibilibus
1767 2539 1978 2574 sanationibus,
2013 2538 2050 2566 ‹le
