2280 2777
1068 163 1322 200 -13-

355 264 540 303 cupiditatem
560 264 676 303 profert.
716 265 821 294 Melius
842 265 932 294 multo
953 269 982 294 et
1003 265 1162 303 elegantius
1183 265 1330 296 elaborata
1350 271 1394 296 est
1409 266 1586 302 declamatio,
1608 277 1694 306 quam
1711 267 1740 296 in
1759 267 1831 297 urbe
1843 267 2034 297 Macedoniae

354 321 489 360 primaria
509 322 549 361 (7.
567 321 598 360 8)
619 321 728 356 habuit,
750 321 779 350 in
800 332 856 359 qua
874 322 1018 351 Lucianus
1036 323 1209 351 Herodotum
1223 322 1275 361 ²⁸),
1299 323 1347 362 qui
1369 323 1522 362 Olympiae
1543 323 1631 353 libros
1652 334 1720 353 suos
1739 325 1918 360 recitaverit,
1942 326 2033 354 Aetio-

354 387 473 416 nemque
493 377 644 416 pictorem,
675 378 724 416 qui
744 378 858 407 tabulas
879 388 946 407 suas
967 378 1073 407 ibidem
1094 379 1218 408 omnium
1239 380 1404 417 conspectui
1425 380 1576 418 objecerit,
1608 381 1710 409 imitari
1731 390 1763 410 se
1782 381 1858 410 velle
1879 381 1956 410 dicit.
1998 381 2034 410 In

354 435 530 463 Harmont'de
550 434 709 473 prIncipem
730 435 854 473 aliquem
874 439 960 473 atque
982 435 1115 464 eximium
1135 436 1164 464 in
1180 436 1363 464 aestimandis
1378 436 1486 465 artibus
1506 437 1653 475 literisque
1674 437 1766 467 virum
1787 438 1917 477 epistola,
1938 442 1970 467 ut
1990 438 2034 467 vi-

355 491 438 520 detur
458 491 487 519 in
508 491 552 520 sui
573 491 843 525 commendationem
864 492 984 530 scripta,
1005 492 1172 530 compellat3
1204 492 1253 530 qui
1274 492 1298 520 si
1318 501 1364 520 res
1385 502 1451 521 suas
1473 493 1690 530 approbaverit,
1714 494 1818 523 famam
1839 495 1983 524 doctrinae
2004 499 2034 524 et

354 547 438 582 artis,
469 557 554 586 quam
575 548 644 576 alibi
660 548 722 586 jam
744 553 910 577 consecutus
932 549 982 584 sit,
1012 558 1064 587 per
1084 558 1180 577 omnes
1200 553 1302 586 gentes
1324 548 1498 577 celebratum
1524 549 1566 577 iri.
1607 550 1711 579 Paucis
1733 551 1806 580 enim
1827 551 1879 580 sed
1899 551 2036 590 exquisiti

349 604 451 642 judieii
472 604 631 633 hominibus
652 605 801 643 probanda
822 615 884 633 esse
904 615 1005 643 opera,
1034 605 1100 633 olim
1117 606 1177 643 jam
1199 605 1378 634 Timotheum
1403 605 1547 633 tibicinem
1567 607 1739 636 Har-moniali
1764 608 1903 647 discipulo
1923 609 2036 647 gloriae

355 661 538 700 cupidissimo
565 661 698 690 suasisse.
741 661 877 690 Similiter
903 661 1030 690 favorem
1057 666 1085 691 et
1112 662 1299 700 patrocinium
1322 662 1443 691 duorum
1465 661 1761 693 Thessalonicensimn
1782 665 1825 703 (9)
1853 665 1957 694 civium
1979 665 2034 694 sibi

354 718 465 756 flagitat
486 718 514 746 in
526 718 639 755 Scytha.
680 718 725 747 Ita
747 719 821 747 enim
841 718 1029 747 Anacharsim
1045 719 1185 756 Scytham,
1207 719 1256 757 qui
1277 719 1456 747 Athenarum
1476 718 1576 747 urbem
1598 729 1766 757 pernoscere
1786 722 1908 751 voluerit
1926 722 2034 751 Toxari

353 774 547 803 intercedente
568 775 596 802 in
618 775 730 804 Solonis
758 775 978 803 familiaritatem
1003 775 1184 813 pervenisse,
1214 775 1294 814 cujus
1321 775 1375 804 viri
1404 775 1606 803 consuetudine
1633 777 1793 806 universam
1824 779 1906 816 quasi
1930 779 2037 808 viderit

355 830 505 860 Graeciam
527 830 644 870 (πάντα
665 831 805 871 ἑώρακας
824 830 882 868 ἤδη
902 828 1030 862 Σόλωνα
1052 829 1138 862 ἰδών·
1167 835 1194 864 5.
1211 832 1250 870 7.)
1270 831 1373 860 Differt
1394 832 1430 860 ab
1445 832 1488 860 his
1509 831 1724 862 benevolentiae
1741 835 1948 873 captationibus
1962 837 2036 864 Zeu-

353 888 400 917 ,τῖε
421 893 446 917 et
465 889 625 923 Antiochus,
646 887 696 916 ubi
717 888 860 916 Lucianus
887 898 981 916 rerum
1002 898 1019 917 a
1040 898 1070 917 se
1098 889 1292 927 expositarum
1318 892 1606 927 argumentorumque
1631 890 1786 919 novitatem
1807 896 1835 920 et
1855 892 2034 921 insolentiam

353 945 436 973 unice
457 944 568 973 laudari
590 944 626 973 ab
649 944 824 973 auditoribus
846 945 982 982 queritur.
1024 945 1126 983 Itaque
1147 956 1227 975 suam
1247 955 1307 974 rem
1327 946 1529 983 hominumque
1550 945 1585 973 de
1606 955 1637 974 se
1654 946 1763 984 judicia
1784 958 1847 976 cum
1867 949 1901 977 iis
1921 959 2034 987 compa-

353 1006 412 1036 rat,
435 1011 509 1039 quae
530 1001 565 1029 de
586 1002 713 1030 Zezcoeide
728 1001 838 1039 pictore
860 1006 887 1029 et
908 1002 1041 1030 Antiocho
1063 1004 1172 1037 δοῖεν-ε,
1203 1003 1252 1041 qui
1272 1012 1324 1041 per
1346 1002 1513 1040 elephantos
1534 1002 1681 1031 victoriam
1701 1005 1904 1042 reportaverit,
1922 1005 2035 1043 judica-

353 1058 447 1087 verint
467 1058 534 1086 olim
554 1058 690 1086 homines.
732 1058 773 1086 At
794 1058 914 1096 majores
936 1058 1020 1087 etiam
1042 1059 1070 1087 in
1090 1059 1196 1087 libellis
1223 1059 1282 1088 suis
1310 1059 1403 1088 inesse
1423 1059 1559 1094 virtutes,
1588 1069 1673 1097 quam
1700 1070 1773 1098 quae
1799 1061 1835 1090 ab
1863 1062 2034 1100 aequalibus

353 1115 518 1149 laudentur,
544 1114 638 1143 inesse
658 1114 813 1143 sollertiam
834 1115 862 1143 in
884 1115 1060 1144 inveniendis
1080 1116 1181 1151 rebus,
1201 1116 1230 1144 in
1252 1125 1382 1144 sermone
1402 1120 1580 1144 venustatem
1601 1116 1715 1145 atticam
1735 1118 1905 1157 omninoque
1926 1119 1963 1147 ad
1984 1128 2033 1147 ve-

353 1176 445 1200 terum
467 1171 635 1209 scriptorum
654 1171 853 1209 probatissima
875 1172 1050 1210 exemplaria
1068 1173 1223 1210 composita
1244 1182 1307 1201 esse
1324 1173 1417 1201 omnia
1438 1169 1528 1212 (πρός
1548 1169 1602 1202 τᾶν
1625 1170 1750 1212 α’ρχαῖον
1771 1173 1887 1205 κανόνα
1909 1186 2034 1214 συγκει-

353 1228 450 1266 μένων
471 1237 533 1266 cap.
547 1228 587 1265 2).
630 1227 709 1265 Quae
731 1228 824 1256 onmia
844 1228 986 1257 Luciauus
1008 1229 1047 1257 ita
1069 1230 1200 1267 exponit,
1228 1234 1259 1258 ut
1279 1229 1308 1257 in
1330 1229 1524 1258 describendis
1546 1228 1614 1257 artis
1635 1230 1768 1267 pictoriae
1789 1232 1923 1270 operibus
1944 1232 2036 1261 incre-

355 1285 471 1313 dibilem
493 1284 627 1313 exhibeat
649 1284 806 1313 doctrinam
828 1290 855 1313 et
876 1285 1049 1321 facilitatem,
1072 1291 1103 1315 ut
1124 1286 1202 1314 haud
1222 1286 1310 1315 sciam
1331 1296 1366 1314 an
1388 1295 1470 1314 nemo
1491 1295 1563 1323 quos
1584 1286 1650 1314 novi
1665 1287 1831 1325 scriptorum
1851 1288 1951 1317 eadem
1972 1292 2035 1317 arte

353 1341 467 1371 tabulas
490 1341 629 1379 pictorum
649 1341 739 1369 oculis
761 1342 842 1379 quasi
863 1342 1019 1379 legentium
1041 1342 1181 1380 subjicere
1203 1343 1341 1372 calluerit.
1383 1343 1465 1371 Idem
1486 1342 1646 1380 scriptionis
1673 1353 1763 1381 genus
1790 1344 1931 1374 inveneris
1951 1345 1982 1374 in
2001 1345 2036 1374 li-

353 1398 438 1427 bellis
456 1401 503 1430 17.
522 1402 572 1429 18:
603 1398 730 1435 Hippias
757 1403 784 1426 et
819 1399 852 1426 cle
879 1400 972 1433 domo,
1001 1409 1121 1436 quorum
1147 1400 1255 1438 primus
1275 1400 1409 1428 balneum
1430 1399 1466 1427 ab
1488 1399 1599 1436 Hippia
1620 1409 1717 1429 recens
1738 1405 1913 1430 exstructum
1933 1401 2036 1430 laudat

352 1455 586 1493 frequentemque
613 1455 673 1493 ejus
700 1464 782 1483 usum
807 1459 925 1493 propter
951 1456 1072 1484 aedificii
1095 1456 1279 1494 elegantiam,
1310 1457 1551 1492 commoditatem,
1580 1457 1816 1495 magnificentiam
1844 1457 2034 1488 commendat.

352 1513 463 1540 Domus
483 1521 552 1540 vero
575 1509 679 1550 (οἶκος)
702 1511 762 1540 sive
785 1512 920 1540 conclave
941 1522 958 1540 a
979 1512 1068 1541 divite
1095 1517 1123 1559 et
1150 1513 1260 1542 erudito
1281 1518 1312 1542 ut
1332 1513 1447 1543 videtur
1467 1514 1580 1542 homine
1602 1514 1639 1542 ad
1659 1514 1836 1544 recitationes
1865 1515 1925 1554 (vel
1946 1515 2033 1544 collo-

352 1568 431 1606 quia)
454 1567 602 1596 habendas
624 1572 770 1597 exstructa
790 1568 830 1597 ita
850 1569 999 1605 laudatur,
1021 1574 1053 1598 ut
1073 1569 1216 1599 Lucianus
1238 1580 1269 1599 se
1289 1571 1383 1608 ipsum
1406 1575 1434 1599 et
1454 1570 1611 1609 possessori
1633 1575 1660 1599 et
1682 1571 1860 1600 audientibus
1882 1582 1968 1610 quam
1987 1581 2036 1600 ur-

351 1625 504 1653 banissime
525 1625 711 1654 commendet.
752 1625 969 1654 Pulchritudine
991 1626 1065 1656 edm
1086 1627 1146 1655 oeci
1168 1637 1253 1665 quam
1273 1628 1396 1656 maxime
1417 1627 1583 1656 inflammari
1607 1632 1634 1656 et
1655 1628 1783 1666 adjuvari
1804 1633 1958 1664 oratorem,
1982 1638 2032 1658 au-

351 1681 474 1711 ditorum
494 1691 562 1710 vero
584 1682 691 1710 animos
712 1692 916 1720 saepenumero
938 1683 1056 1712 distrahi
1078 1683 1177 1712 domus
1198 1684 1418 1722 tabularumque
1439 1685 1578 1722 pictarum
1605 1685 1820 1723 magnificentia.
1863 1685 1946 1722 Quod
1973 1685 2033 1715 Lu-

352 1739 449 1767 cianus
470 1739 584 1777 scripsit
602 1743 639 1770 19
660 1740 812 1768 encomium
834 1750 958 1774 muscae,
981 1739 1011 1768 id
1032 1740 1071 1768 ita
1088 1740 1213 1769 scribere
1234 1741 1347 1770 videtur
1368 1741 1504 1777 voluisse,
1528 1741 1609 1779 quasi
1621 1742 1774 1779 imparatus
1796 1745 1824 1770 et
1844 1751 1881 1770 ex
1905 1746 2033 1780 tempore

351 1795 389 1824 ad
410 1795 560 1824 dicendum
580 1796 748 1834 prodiisset,
771 1797 848 1835 quod
863 1797 1015 1835 perorandi
1032 1807 1139 1835 genus,
1162 1798 1210 1835 qui
1231 1802 1291 1826 tum
1312 1798 1459 1834 vivebant,
1481 1799 1615 1837 sophistis
1637 1799 1770 1827 usitatum
1790 1798 1884 1834 fuisse,
1911 1808 1948 1827 ex
1963 1798 2032 1827 Phi-

351 1852 469 1880 lostrato
490 1852 594 1880 scimus
616 1857 643 1881 et
669 1853 811 1882 Frontone
827 1854 878 1892 29),
913 1855 961 1892 qui
983 1854 1085 1882 laudes
1106 1854 1174 1882 fumi
1197 1859 1225 1883 et
1247 1855 1375 1893 pulveris
1397 1856 1562 1894 composuit.
1609 1855 1668 1884 Sub
1696 1855 1779 1883 finem
1806 1855 1975 1894 scriptorum
2002 1856 2033 1884 in

351 1907 449 1937 Gallia
470 1919 487 1937 a
507 1909 633 1937 Luci-ano
653 1910 767 1938 rhetore
789 1911 1006 1949 compositorum
1025 1911 1193 1940 collocanda
1213 1911 1346 1941 videntur
1367 1917 1485 1944 20—-25
1512 1913 1685 1941 Anacharsis
1706 1923 1727 1940 8.
1750 1913 1783 1941 de
1800 1913 1969 1950 ρμηιηαεῖίε,
1997 1914 2033 1942 de

350 1966 513 2000 saltatione,
540 1966 661 1994 Toxarc‘s
677 1977 700 1994 S.
721 1968 755 1995 dc
776 1968 912 2001 amicilia,
934 1968 1069 2006 imagines
1090 1973 1116 1997 et
1130 1979 1188 2006 pro
1210 1969 1393 2007 imaqinibus,
1424 1974 1452 1998 et
1473 1970 1624 1998 encomium
1645 1969 1845 1998 Demosthenis.
1886 1970 1932 1998 De
1952 1970 2031 1998 utili-

351 2026 410 2051 tate
432 2032 466 2051 ac
487 2026 565 2050 recta
585 2023 813 2052 emercitationum
831 2025 1028 2062 gymnicorum
1048 2025 1157 2053 ratione
1177 2025 1206 2053 in
1226 2030 1377 2064 utramque
1394 2030 1504 2064 partem
1520 2026 1679 2064 disputatur
1693 2025 1729 2053 ab
1743 2025 1904 2055 Anacharsi
1917 2026 2030 2064 Scytha

352 2083 379 2107 et
401 2089 417 2107 a
440 2078 559 2113 Solone,
591 2079 655 2117 qui,
687 2084 824 2117 quantum
845 2081 983 2118 ejusmodi
1004 2081 1253 2111 exercitationibus
1281 2083 1319 2111 ad
1346 2087 1424 2112 recte
1447 2083 1610 2111 educandos
1632 2082 1858 2111 adolescentulos
1878 2083 2025 2119 efficiatur,

351 2140 449 2164 contra
479 2135 601 2164 insulsas
623 2136 761 2174 quasdam
783 2137 925 2175 Scythae,
953 2138 1006 2166 sub
1029 2138 1109 2176 eujus
1134 2149 1257 2177 persona
1285 2138 1426 2168 Galenum
1447 2140 1589 2169 medicum
1613 2139 1767 2178 perstringi
1794 2139 1934 2178 putabant
1959 2150 2031 2169 non-

349 2192 423 2221 nulli
444 2192 593 2231 (Wieland
612 2192 666 2228 IV,
687 2193 757 2231 525)
779 2194 903 2223 rationes
924 2195 964 2223 ita
985 2194 1126 2230 defendit,
1158 2200 1190 2224 ut
1216 2205 1263 2225 res
1290 2207 1429 2235 suspensa
1449 2196 1658 2234 quodammodo
1678 2206 1711 2224 ac
1733 2196 1821 2225 dubia
1841 2197 2030 2235 relinquatur.

352 2249 385 2277 In
407 2249 506 2277 libello
527 2250 561 2277 de
581 2251 727 2279 saltatione
740 2249 780 2289 3⁰)
810 2256 910 2280 contra
929 2251 1080 2280 Cratonem
1101 2252 1240 2290 Cynicum
1261 2263 1322 2289 ars,
1351 2264 1436 2292 quam
1457 2257 1560 2282 vocant
1581 2253 1795 2291 pantomimica,
1824 2253 1958 2283 laudatur
1978 2254 2028 2282 vel

386 2392 434 2424 28)
453 2391 533 2416 Pleno
552 2391 681 2417 Luci-‘mus
699 2401 743 2417 ore
761 2393 893 2418 etiamtum
912 2394 999 2418 laudat
1018 2395 1176 2420 Herodotum
1195 2395 1248 2429 (1),
1280 2382 1354 2428 quem
1372 2399 1461 2429 postca
1479 2395 1579 2419 demum
1598 2395 1761 2420 cavillatione
1778 2397 1945 2429 persequitur,
1964 2396 2033 2421 unde

454 2440 517 2464 mihi
535 2441 653 2465 nonnihil
672 2441 741 2466 effici
759 2442 860 2467 videtur
878 2442 910 2467 ad
928 2443 1011 2467 libelli
1031 2443 1062 2467 de
1080 2444 1220 2477 astrologia
1237 2445 1314 2469 fidem
1333 2449 1358 2469 et
1376 2445 1553 2469 auctoritatem
1573 2444 1700 2469 tuendam.

390 2489 438 2521 29)
457 2490 536 2513 confr.
557 2490 651 2514 Fronto
670 2490 708 2515 ed.
727 2491 794 2522 Mai,
815 2494 891 2519 1816.
910 2492 942 2522 Π,
957 2496 1005 2520 361
1027 2495 1052 2516 ct
1070 2492 1228 2526 Bernhardy,
1246 2497 1309 2519 rom.
1328 2494 1463 2518 Literatur.
1484 2497 1544 2521 287.
1564 2494 1594 2518 A„
1619 2497 1678 2521 229.

386 2538 436 2569 50)
454 2538 497 2569 qui
516 2538 620 2563 libellus
637 2539 783 2565 Wielandio
800 2540 876 2565 valde
896 2541 1041 2574 displicuit,
1061 2549 1138 2574 quum
1151 2542 1218 2567 desit
1230 2544 1257 2567 in
1276 2543 1321 2568 illo
1341 2552 1394 2575 ars,
1410 2543 1546 2575 judicium,
1564 2543 1629 2567 ratio
1653 2542 1779 2575 quaedam
1793 2550 1824 2568 ac
1837 2543 1896 2572 via;
1915 2542 2029 2567 Schmic-
