2280 2777
901 147 1159 182 „28-

178 251 292 292 (Alex.)
319 251 369 280 ubi
396 255 427 279 ut
455 250 569 278 unicum
596 258 683 277 sanae
709 248 812 277 mentis
838 248 1042 287 philosophum
1071 247 1173 276 laudat
1192 247 1357 286 Epicurum.
1401 248 1492 277 Nobis
1515 249 1632 287 quidem
1653 259 1687 278 ea
1708 253 1820 278 tantum
1841 249 1877 278 de

179 318 266 337 causa
286 307 446 336 Stoicorum
474 306 510 334 de
538 305 597 333 fato
625 304 778 343 protulisse
799 304 915 334 videtur
936 305 1120 339 sententiam,
1151 308 1183 333 ut
1201 303 1285 333 Jovis
1314 305 1416 333 summi
1443 309 1616 343 potestatem
1637 305 1814 344 infringeret.
1838 321 1879 326 -—

177 364 309 402 Dialogis
330 367 505 391 mortuorum
527 361 760 390 adnumerandus
781 361 921 399 Oataplus
942 362 1003 390 sive
1024 366 1165 399 tyrannus
1188 365 1216 390 et
1234 360 1350 389 Charon
1372 361 1432 389 siVe
1455 364 1679 400 contemplantes.
1723 363 1879 401 Trajicitur

177 422 207 449 in
228 421 277 449 illo
298 418 508 457 Megapenthes
530 422 669 455 tyrannus
692 418 861 456 judicioque
880 418 1075 447 Rhadamanti
1099 427 1133 447 ea
1155 417 1276 446 afficitur
1297 427 1405 456 poena,
1437 421 1468 446 ut
1489 427 1506 446 a
1525 417 1631 447 Lethes
1654 429 1730 457 aqua
1750 418 1879 448 bibenda

177 476 336 516 prohibitus
359 474 526 503 deliciarum
546 474 723 503 terrestrium
752 475 948 513 pristinaeque
973 474 1124 513 potestatis
1146 474 1311 502 memoriam
1333 474 1478 512 deponere
1499 484 1557 502 non
1583 475 1673 513 possit
1694 475 1878 504 dilaceretur-

179 546 235 574 que
257 533 338 572 quasi
358 534 438 561 tanta
458 540 553 559 rerum
575 531 796 569 praeteritarum
822 541 856 560 ac
878 531 1071 569 praesentium
1094 530 1266 559 confusione.
1308 530 1414 568 Majori
1444 531 1528 559 etiam
1550 531 1665 569 ingenio
1692 532 1816 570 scriptus
1837 531 1878 560 vi-

180 592 263 620 detur
283 590 406 622 Charon,
429 588 458 616 in
479 597 535 626 quo
556 592 587 616 ut
608 588 637 616 in
659 588 721 616 aliis
743 588 803 616 vivi
824 588 861 616 ad
883 592 1009 616 mortuos
1032 586 1249 621 descenderant,
1273 587 1314 615 ita
1331 587 1393 624 jam
1414 587 1478 625 ipsa
1500 587 1582 625 quasi
1601 588 1681 616 Mors
1702 588 1791 617 vitam
1813 598 1878 617 ocu-

178 648 213 676 lis
235 646 405 685 perlustrat,
433 644 538 682 quibus
559 644 638 673 haud
660 645 718 673 scio
740 654 776 672 an
797 654 880 672 nemo
906 647 1056 682 poetarum
1077 643 1214 681 graviora
1235 647 1263 671 et
1283 643 1527 681 magnificentiora
1549 648 1578 672 et
1599 644 1636 672 ad
1659 644 1879 682 confringendos

177 702 339 732 mortalium
369 701 476 729 animos
504 701 616 739 aptiora
644 701 860 739 excogitaverit.
903 700 989 728 Latet
1011 700 1083 728 enim
1106 699 1159 728 sub
1187 699 1256 728 ludo
1286 703 1313 728 et
1341 700 1540 729 amoenissima
1560 700 1736 738 loquacitate
1758 700 1879 729 incredi-

177 760 244 789 bilis
266 758 408 797 quaedam
429 758 568 786 severitas
591 762 618 786 et
641 758 689 795 qui
711 762 801 786 semet
822 757 915 795 ipsum
937 756 1000 785 aIIis
1031 756 1156 793 dialogis
1185 753 1321 795 φαιὸρόν
1348 754 1397 785 ciel
1423 756 1476 786 καῖ
1505 754 1628 795 α’κρατῆ
1650 758 1778 796 γέλωτος
1800 757 1880 785 dixe-

177 820 221 845 rat
236 815 388 849 Lucianus,
410 814 509 843 mortis
531 814 560 842 in
580 824 627 843 res
648 814 787 842 humanas
809 813 993 842 acerbissimo
1009 812 1128 851 imperio
1147 812 1262 850 penitus
1281 817 1485 841 commovetur.
1528 812 1642 841 Charon
1664 813 1746 848 enim,
1770 818 1801 842 ut
1823 823 1880 842 om-

177 883 227 901 nes
249 875 366 906 norunt,
391 881 427 899 ex
449 870 590 909 superiori
612 870 737 908 quodam
758 871 823 899 loco
844 879 900 898 uno
922 869 1024 898 obtutu
1045 878 1092 897 res
1114 869 1268 903 humanas,
1293 869 1424 906 quamvis
1447 869 1556 907 aliquot
1578 869 1700 898 saeculis
1722 869 1881 907 distinctas,

177 929 355 968 perlustrans
377 927 539 956 mortalium
560 927 703 956 miseriam
725 926 932 964 stultitiamque
954 925 1151 954 misericordia
1170 925 1272 963 magis,
1296 935 1382 963 quam
1404 925 1462 954 risu
1481 926 1674 964 prosequitur.
1716 926 1763 954 Ita
1782 926 1810 954 in
1823 926 1879 954 Lu-

178 985 251 1014 ciani
274 985 360 1013 etiam
382 984 506 1012 animum
527 984 703 1022 penetravit,
728 993 813 1021 quam
835 983 863 1011 in
882 982 1039 1011 Plutarcho
1063 986 1091 1010 et
1111 982 1140 1010 in
1159 982 1253 1010 Marci
1273 982 1384 1010 Aurelii
1406 982 1690 1012 commentationibus
1712 983 1880 1021 saepissime

176 1041 346 1077 invenimus,
366 1041 456 1070 tristis
477 1040 528 1069 illa
545 1050 579 1069 ac
596 1040 689 1069 mollis
711 1050 805 1068 rerum
826 1040 1016 1068 humanarum
1039 1038 1229 1067 consideratio
1250 1048 1303 1067 nec
1320 1039 1456 1076 graviora
1477 1039 1513 1067 de
1535 1040 1613 1068 vitae
1634 1039 1775 1068 humanae
1797 1040 1879 1068 mise-

176 1099 225 1127 riis
249 1098 384 1127 dixerunt
398 1097 567 1136 Sophocles,
590 1097 763 1134 Aeschylus,
787 1096 939 1131 Pindarus,
964 1096 1005 1124 ita
1025 1099 1129 1130 tamen,
1152 1099 1184 1123 ut
1206 1095 1334 1133 depressi
1356 1095 1471 1124 illorum
1484 1099 1565 1124 tanta
1582 1096 1786 1134 cogitationum
1802 1096 1879 1124 mole

177 1155 263 1184 animi
285 1155 464 1192 erigerentur
484 1164 583 1182 rursus
604 1153 671 1182 fidei
692 1153 720 1181 in
732 1153 788 1181 Dei
809 1152 911 1181 summi
933 1155 1084 1190 potestate,
1108 1151 1257 1189 sapientia,
1279 1152 1416 1189 justaque
1438 1162 1533 1180 rerum
1554 1152 1678 1180 omnium
1701 1152 1879 1181 administra-

175 1212 251 1240 tione
273 1211 384 1249 positae
407 1210 587 1245 excelsitate,
620 1220 705 1248 quam
732 1210 846 1248 penitus
873 1209 1019 1247 abjecerat
1047 1207 1083 1236 ab
1105 1208 1180 1236 omni
1202 1208 1309 1246 pietate
1331 1208 1521 1237 alienissimus
1541 1208 1694 1237 Lucianus.
1738 1208 1830 1245 Quem
1851 1209 1880 1237 in

175 1267 394 1306 insequentibus
421 1267 529 1295 libellis
558 1267 694 1295 acerrime
724 1266 854 1294 videmus
877 1266 1058 1294 dimicantem
1082 1269 1180 1293 contra
1201 1265 1309 1300 omnia,
1342 1275 1415 1303 quae
1438 1275 1455 1294 a
1475 1264 1623 1293 veteribus
1644 1265 1737 1303 po'etis
1759 1265 1795 1293 de
1817 1264 1881 1293 Diis

176 1325 322 1362 rebusque
344 1323 449 1352 divinis
470 1323 585 1362 prolata
605 1327 698 1358 erant,
731 1327 759 1351 et
779 1322 860 1351 rabie
888 1322 1013 1360 quadam
1033 1322 1168 1351 Titanum
1191 1326 1289 1351 contra
1311 1321 1462 1360 Olympios
1483 1321 1562 1350 Deos
1585 1326 1771 1350 renovantem
1793 1321 1881 1360 impe-

176 1385 231 1410 tus.
275 1380 356 1418 Quae
379 1383 410 1409 ut
431 1380 635 1418 perficerentur
656 1379 820 1418 philosophi
843 1379 928 1407 etiam
950 1379 988 1407 ad
1010 1389 1089 1408 arma
1109 1383 1263 1414 vocantur,
1297 1388 1350 1407 nee
1371 1378 1525 1416 requiescit
1548 1378 1780 1407 confidentissimi
1802 1378 1880 1407 athei

177 1438 288 1466 animus
309 1437 364 1465 nisi
386 1436 481 1465 diruta
502 1446 536 1465 ac
557 1445 659 1465 eversa
680 1436 880 1464 coelicolarum
901 1435 979 1464 sede.
1022 1436 1152 1465 Medium
1174 1436 1215 1464 ita
1236 1435 1380 1474 quendam
1401 1435 1511 1463 obtinet
1526 1434 1671 1463 Lucianus
1691 1435 1785 1463 locum
1806 1435 1880 1463 inter

177 1494 331 1522 Tatianum
354 1497 382 1521 et
396 1493 586 1531 Apologetas,
609 1493 656 1530 qui
678 1493 784 1521 relictis
806 1492 1057 1530 superstitionibus
1079 1493 1192 1521 sincera
1213 1492 1269 1520 fide
1291 1492 1475 1521 christianam
1497 1491 1654 1520 doctrinam
1677 1491 1803 1529 amplexi
1821 1490 1881 1519 fue-

176 1554 255 1585 rant,
284 1555 312 1578 et
332 1549 534 1584 Plutarchum,
556 1549 778 1584 Philostratum,
800 1548 1038 1586 Neoplatonieos,
1060 1549 1109 1587 qui
1130 1549 1268 1577 mutando
1290 1548 1533 1586 amputandoque,
1556 1557 1630 1586 quae
1652 1547 1820 1576 viderentur
1840 1547 1881 1575 in-

176 1606 265 1645 digna
286 1606 322 1634 de
343 1606 407 1635 Diis
429 1606 507 1634 dicta
533 1606 581 1634 vel
609 1605 647 1634 ad
674 1606 836 1634 interiorem
858 1605 1002 1643 quendam
1024 1615 1057 1633 ae
1080 1605 1259 1634 reconditum
1287 1605 1399 1634 fabulas
1421 1605 1549 1633 Deorum
1571 1604 1734 1633 revocando
1757 1613 1882 1639 sensum,

175 1663 393 1701 superstitiones
422 1663 555 1700 antiquas
583 1662 711 1690 stabilire
741 1666 919 1691 conarentur.
962 1661 1068 1690 Contra
1097 1671 1219 1699 quorum
1246 1661 1402 1690 sententias
1431 1661 1599 1689 durissimus
1630 1664 1658 1689 et
1686 1660 1880 1689 atrocissimus

175 1720 304 1748 Deorum
325 1719 455 1747 inimicus
474 1719 618 1747 Lucianus
639 1719 680 1747 ita
700 1723 810 1748 tantum
832 1719 887 1748 sibi
910 1719 979 1747 satis
1000 1718 1102 1747 fecisse
1123 1718 1287 1753 videbatur,
1311 1722 1341 1747 ut
1362 1727 1458 1746 omnes
1481 1717 1517 1746 de
1539 1717 1626 1746 rebus
1648 1717 1752 1745 divinis
1774 1716 1881 1755 opinio-

175 1786 226 1804 nes
248 1776 343 1804 irritas
371 1779 399 1804 et
420 1785 511 1804 vanas
534 1784 596 1804 esse
618 1775 836 1804 demonstraret.
880 1776 938 1804 Via
959 1775 1043 1813 quasi
1071 1785 1105 1804 ac
1132 1775 1241 1803 ratione
1271 1779 1378 1803 tantam
1408 1784 1468 1802 rem
1499 1773 1668 1811 aggreditur
1689 1773 1717 1801 in
1740 1774 1880 1801 lem-ome-

176 1833 272 1870 nippo,
294 1832 323 1860 in
345 1841 401 1870 quo
415 1832 579 1870 Menippus,
601 1831 683 1860 nobis
700 1832 761 1870 jam
784 1832 922 1870 cognitus,
945 1832 1020 1861 Icari
1044 1832 1127 1869 quasi
1150 1831 1186 1859 ad
1202 1830 1358 1869 Olympum
1381 1831 1511 1858 evehitur
1534 1830 1595 1864 alis,
1618 1834 1650 1858 ut
1672 1839 1689 1857 a
1709 1829 1784 1858 Jove
1807 1839 1881 1857 sum-

176 1898 222 1917 mo
244 1893 323 1917 certa
345 1888 381 1916 de
402 1888 437 1916 iis
459 1888 676 1926 quaestionibus
704 1888 882 1926 perciperet,
912 1888 948 1917 de
977 1888 1082 1926 quibus
1109 1888 1137 1916 in
1167 1887 1250 1916 terris
1278 1887 1542 1925 philosophantium
1570 1889 1650 1915 tanta
1672 1885 1709 1914 sit
1731 1885 1879 1914 dissensio.

175 1945 217 1973 At
238 1945 299 1982 ipse
319 1944 443 1983 Jupiter,
466 1955 554 1983 quum
575 1944 611 1973 de
633 1945 695 1973 istis
715 1945 803 1973 rebus
825 1945 864 1973 nil
885 1945 999 1980 habeat,
1022 1944 1100 1982 quod
1122 1944 1250 1978 affirmet,
1272 1943 1467 1982 impudentIae
1490 1948 1576 1981 atque
1595 1942 1775 1980 arrogantiae
1797 1952 1880 1971 accu-

175 2005 220 2030 sat
241 2001 426 2040 philosophos
447 2002 633 2040 Deorumque
654 2001 753 2030 habito
776 2001 896 2030 coneilio
918 2001 1035 2029 fulmine
1059 2011 1106 2030 eos
1128 2000 1272 2029 necandos
1295 2010 1357 2029 esse
1381 2000 1517 2029 decernit.
1560 1999 1785 2027 Dialectiearum
1807 1998 1880 2036 phy-

176 2057 357 2096 sicarumque
379 2058 482 2096 plenus
505 2062 548 2086 cst
570 2058 770 2096 quaestionum
790 2057 877 2091 liber,
907 2062 938 2086 ut
966 2062 1031 2096 post
1053 2060 1176 2088 vitarum
1198 2059 1354 2087 auctionem
1381 2057 1520 2095 scriptum
1548 2065 1612 2084 eum
1639 2065 1702 2084 esse
1729 2058 1878 2093 appareat.

176 2114 304 2143 Deorum
325 2115 471 2143 concilium
493 2114 579 2152 paulo
601 2118 667 2143 ante
688 2114 938 2153 Icaromenippum
967 2116 1104 2154 scriptum
1123 2115 1316 2153 judicaveris;
1347 2123 1398 2151 per
1415 2114 1513 2151 jocum
1536 2112 1624 2147 enim,
1652 2116 1684 2140 ut
1705 2112 1734 2139 in
1756 2111 1879 2148 dialogis
1892 2116 1900 2123 ’

176 2170 320 2206 Deorum,
348 2171 432 2200 nimis
454 2171 558 2200 multos
586 2170 714 2208 undique
736 2175 927 2209 congregatos
949 2171 1106 2210 Olympum
1127 2181 1284 2210 occupasse
1305 2170 1383 2199 Deos
1404 2170 1518 2198 Momus
1546 2168 1690 2206 queritur3
1721 2168 1819 2206 itaque
1841 2167 1880 2196 ad

176 2226 285 2262 turbas,
307 2227 394 2262 rixas,
417 2227 622 2256 aemulationes
643 2228 672 2255 iu
693 2231 839 2265 posterum
861 2227 1010 2256 evitandas
1032 2228 1200 2266 proponitur
1222 2228 1368 2256 decretum
1390 2226 1426 2254 de
1444 2225 1565 2263 collegio
1583 2224 1714 2263 judicum
1731 2224 1879 2253 instituen-

177 2282 228 2318 do,
259 2283 308 2320 qui
329 2284 357 2311 in
374 2284 423 2322 jus
446 2283 570 2312 civitatis
592 2283 746 2322 Olympiae
768 2284 914 2321 inquirant
935 2294 1055 2322 eosque,
1086 2285 1136 2323 qui
1156 2285 1217 2313 sine
1238 2288 1318 2312 recta
1338 2283 1448 2312 ratione
1475 2282 1505 2310 in
1526 2281 1684 2320 Olympum
1705 2290 1736 2310 se
1758 2281 1879 2309 intruse-

176 2339 240 2374 rint‚
264 2340 336 2367 coeli
356 2340 459 2368 finibus
482 2340 638 2378 expellant.
681 2340 772 2369 Nimis
802 2340 876 2369 enim
904 2340 1070 2370 turbulenta
1098 2351 1160 2370 esse
1188 2345 1307 2379 propter
1334 2340 1524 2368 barbarorum
1545 2339 1672 2366 Deorum
1702 2338 1879 2366 innumeram

174 2395 386 2424 multitudinem
407 2397 539 2425 convivia
558 2397 695 2432 Deorum,
717 2406 771 2426 nec
791 2396 921 2426 sufficere
943 2397 1116 2426 ambrosiam
1138 2402 1187 2426 aut
1206 2401 1306 2426 nectar
1326 2400 1370 2425 tot
1389 2395 1516 2424 millibus
1538 2395 1667 2423 Deorum
1688 2393 1838 2423 satiandis.

335 2452 383 2480 Ad
405 2453 590 2482 evertendam
606 2452 783 2482 Graecorum
799 2453 1050 2492 Romanorumque
1072 2454 1303 2493 superstitionem
1324 2453 1426 2481 mirum
1448 2456 1587 2490 quantum
1610 2450 1721 2479 efficere
1742 2453 1878 2488 poterant

173 2507 288 2545 Jupiter
308 2510 469 2546 confutatus
492 2514 519 2538 et
541 2511 700 2549 trayoedus,
724 2520 844 2549 quorum
865 2510 894 2539 in
915 2515 1038 2549 utroque
1060 2520 1171 2540 summa
1191 2510 1391 2548 theologorum
1407 2508 1583 2538 Graecorum
1606 2507 1722 2536 decreta
1744 2506 1780 2535 de
1801 2505 1877 2535 Jove
