2280 2777
351 277 508 315 expositis,
537 282 603 306 ante
624 278 752 314 dialogsos
773 278 900 305 Deorum
921 276 1070 315 scripsisse
1097 277 1165 304 mihi
1191 277 1306 306 videtur
1325 278 1478 308 Lucianus.
1520 280 1554 308 In
1576 281 1632 309 illis
1655 281 1729 310 enim
1751 291 1806 310 non
1828 286 1886 311 tam
1908 283 2051 313 satiricam

350 344 439 372 quam
461 333 622 371 elegantem
645 338 673 361 et
694 333 843 361 rhetoricis
864 333 1019 361 luminibus
1037 337 1166 362 ornatam
1183 333 1325 362 inveneris
1340 335 1501 365 fabularum
1515 337 1721 367 homericarum
1737 339 1951 377 expositionem,
1974 341 2051 378 quod

351 390 388 418 de
410 390 533 427 dialogis
551 390 679 417 Deorum
706 399 762 417 non
785 389 902 418 dixeris.
945 389 1082 425 Accedit,
1115 389 1193 427 quod
1223 390 1259 418 de
1285 400 1369 428 pomo
1398 402 1484 421 aureo
1504 393 1599 422 Eridis
1627 395 1754 423 fabulam
1776 395 1958 433 dialogorum
1979 406 2050 425 mar.

350 446 450 484 quinto
470 446 598 474 breviter
620 450 648 474 ct
670 446 769 483 paucis
791 446 991 475 adumbratam
1009 446 1037 474 in
1055 445 1179 483 dialogis
1192 446 1320 475 Deorum
1336 447 1471 477 vicesimo
1491 449 1607 479 uberius
1629 461 1795 489 summaque
1819 462 1882 481 cum
1898 457 2050 481 venustate

349 502 473 540 legimus
495 502 671 539 expositam,
695 502 771 530 unde
794 503 875 540 sequi
897 502 1025 537 videtur,
1048 502 1209 531 breviorem
1231 503 1310 531 illam
1332 504 1538 541 expositionem
1561 511 1661 544 postea
1683 518 1699 536 a
1719 508 1847 537 Luciano
1869 508 2049 538 emendatam

348 559 445 587 fuisse.
489 558 670 595 Quamquam
691 558 781 586 multa
802 559 831 587 in
851 563 932 587 tanta
960 559 1138 596 dialogorum
1165 559 1348 588 multitudine
1375 560 1476 589 iterum
1505 572 1538 590 ae
1564 564 1678 601 saepius
1700 565 1777 593 dicta
1799 570 1966 601 occurrunt,
1995 575 2048 594 nec

348 624 394 643 me
410 614 492 653 fugit.
510 615 690 652 dialogorum
704 625 773 643 mar.
792 615 913 653 septimo
927 615 1056 653 suppleri
1071 616 1282 653 quodammodo
1299 616 1478 654 dialogorum
1492 618 1619 647 Deorum
1633 621 1755 655 tertium,
1775 631 1862 659 quare
1877 621 1906 649 in
1923 626 2047 650 mentem

345 672 406 709 jam
422 672 508 705 venit,
532 671 659 699 ordinem
677 671 853 708 singulorum
870 671 1052 709 dialogorum
1067 682 1123 700 non
1140 682 1157 700 a
1170 672 1308 707 Luciano,
1331 672 1383 701 sed
1403 683 1420 701 a
1434 675 1583 711 posteriori
1606 677 1728 713 quodam
1746 677 1856 705 editore
1869 678 1910 706 ita
1927 678 2049 716 disposi-

347 733 409 756 tum
431 737 501 756 esse.
544 728 580 756 Id
598 728 714 765 quidem
730 732 838 756 certum
854 732 904 762 est,
929 738 965 756 ex
987 728 1030 757 his
1053 729 1175 766 dialogis
1197 729 1268 757 alios
1290 729 1327 758 ad
1350 729 1568 759 delectationem
1590 733 1680 770 magis
1699 734 1869 771 compositos
1888 744 1959 769 esse,
1984 735 2048 763 aliis

348 784 454 812 satirae
467 784 495 812 in
507 793 614 812 morem
628 794 674 812 res
690 784 802 812 divinas
821 784 1006 822 Deorumque
1029 785 1137 813 cultum
1156 785 1281 814 ludibrio
1303 785 1412 814 haberi.
1455 786 1537 823 Quae
1554 787 1593 816 ita
1611 799 1672 817 esse
1692 789 1775 818 facile
1790 790 1966 828 persuadeas
1987 791 2048 826 tibi,

347 841 399 869 ubi
420 841 547 878 dialoyos
569 842 695 869 Deorum
715 840 828 868 XXVI
854 841 1022 878 perlegeris.
1067 841 1194 878 Quorum
1222 842 1345 879 primus,
1376 843 1425 880 qui
1443 842 1609 872 Promethei
1637 845 1835 875 liberationem
1864 851 1975 882 narrat,
2005 857 2049 883 ea,

348 907 422 935 quae
443 898 473 925 in
493 897 659 925 Promethei
681 897 742 924 sive
765 896 888 925 Caucasi
909 897 1008 925 libello
1036 897 1170 926 inchoata
1198 897 1324 933 fuerant,
1354 898 1392 927 ad
1413 899 1497 927 finem
1519 901 1658 937 perducit.
1700 902 1856 940 Elegantes
1885 903 2048 932 fabularum

347 953 556 991 descriptiones
579 953 723 981 continent
747 953 854 990 dialogi
878 958 904 985 7.
928 958 974 985 18.
999 958 1045 985 19.
1069 958 1115 985 21.
1137 959 1183 985 22.
1207 959 1254 989 25,
1276 955 1327 983 ubi
1347 955 1472 984 Veneris
1494 960 1522 985 et
1542 956 1690 994 Cupidinis
1712 959 1869 997 colloquia,
1891 959 1976 988 Jovis
1999 970 2047 989 au-

346 1019 397 1038 rea
418 1014 533 1044 catena,
563 1011 671 1039 Bacchi
692 1020 785 1038 mores
806 1014 1003 1048 exponuntur3
1037 1010 1085 1038 alii
1106 1020 1152 1039 res
1174 1011 1332 1040 obscaenas
1354 1016 1493 1047 tractant,
1525 1016 1556 1041 ut
1578 1013 1754 1051 Ganymedis
1775 1015 1804 1043 in
1826 1016 1906 1044 coelo
1928 1016 2047 1045 famula-

347 1070 407 1094 tum
427 1071 480 1094 etc.
503 1071 535 1095 ut
556 1071 583 1098 5.
606 1071 653 1098 10.
676 1071 722 1098 17.
745 1072 799 1101 233
833 1066 947 1095 satirice
967 1066 1051 1095 Jovis
1073 1077 1198 1101 amores,
1228 1072 1342 1106 partus,
1373 1069 1537 1104 molestiae,
1566 1069 1647 1098 rixae
1673 1070 1826 1100 familiares
1848 1082 1912 1101 cum
1932 1072 2047 1102 Junone

347 1122 549 1151 deseribuntur
571 1128 598 1154 2.
621 1125 650 1154 4.
673 1127 701 1155 5.
724 1127 752 1154 9.
773 1127 802 1155 8.
845 1123 901 1160 Qui
923 1128 1095 1152 mortum-mn
1112 1124 1213 1152 XXX
1234 1125 1342 1163 dialoyz'
1367 1125 1562 1154 inscribuntur
1589 1127 1713 1155 maxima
1740 1136 1776 1155 ex
1802 1133 1884 1166 parte
1906 1129 2047 1158 declama-

345 1179 438 1207 tiones
460 1184 526 1208 sunt
547 1180 680 1208 satir-icae
702 1180 731 1208 in
752 1180 829 1208 vitae
859 1180 999 1208 humanae
1021 1180 1240 1209 inconstantiam
1268 1185 1296 1209 et
1318 1181 1512 1219 fragilitatem.
1554 1182 1648 1212 Morte
1670 1194 1827 1222 pauperum
1850 1186 1984 1215 tabernas
2005 1195 2048 1215 re-

345 1245 473 1273 gumque
495 1241 588 1264 turres
610 1246 703 1274 aequo
724 1236 799 1274 pede
821 1236 955 1274 pulsante
978 1236 1082 1274 corrigi
1104 1241 1132 1265 et
1154 1237 1311 1275 exaequari
1333 1238 1424 1275 quasi,
1448 1248 1522 1276 quae
1544 1239 1572 1268 in
1594 1240 1647 1268 hac
1669 1242 1796 1270 terrestri
1817 1242 1878 1271 vita
1897 1247 2048 1271 occurrant

346 1292 468 1320 aliorum
488 1292 519 1320 in
536 1292 608 1321 alios
626 1293 788 1330 superbiae,
810 1292 944 1327 invidiae,
969 1292 1147 1328 offensiones,
1172 1294 1298 1322 crimina.
1342 1294 1509 1323 Cedendum
1532 1296 1606 1325 enim
1628 1306 1689 1325 esse
1711 1297 1812 1336 opibus
1835 1299 2047 1337 exstructisque

345 1348 454 1377 divitiis
474 1349 632 1387 potiturum
652 1349 815 1383 haeredem,
838 1358 892 1378 nec
914 1349 1051 1378 interesse
1075 1350 1176 1387 quales
1197 1350 1264 1379 olim
1285 1350 1389 1380 fuerint
1410 1351 1553 1388 homines,
1578 1363 1641 1382 cum
1663 1364 1760 1382 omnes
1781 1354 1868 1383 futuri
1889 1355 1945 1384 sint
1966 1355 2046 1384 victi-

344 1414 409 1433 mae
429 1405 471 1434 nil
491 1405 652 1434 miserantis
675 1405 752 1434 Orci.
796 1405 852 1442 Qui
874 1405 1057 1434 acerbissime
1078 1407 1211 1435 mortalia
1236 1407 1311 1436 ridet
1333 1407 1411 1445 apud
1431 1408 1589 1438 Lucianum
1611 1411 1764 1449 Menippus
1787 1411 1925 1449 Cynicus,
1961 1422 1978 1440 a
1997 1421 2045 1440 ve-

343 1461 453 1490 teribus
474 1462 564 1490 multa
586 1472 650 1491 eum
670 1462 758 1490 laude
779 1466 966 1497 memoratur,
997 1463 1117 1500 ejusque
1146 1472 1182 1491 ex
1211 1463 1325 1502 scriptis
1354 1465 1443 1493 satira
1463 1465 1620 1505 Menippea
1647 1473 1677 1495 ut
1706 1467 1833 1502 videtur,
1865 1469 1977 1506 accepit
1997 1478 2045 1497 no-

343 1528 409 1546 men
425 1517 472 1556 ⁵4).
515 1518 612 1547 Primo
640 1518 757 1556 dialogo
778 1518 934 1556 Menippus
957 1529 974 1547 a
994 1519 1125 1557 Diogene
1153 1523 1264 1548 mortuo
1291 1530 1345 1559 per
1365 1521 1513 1550 Pollucem
1541 1523 1570 1551 in
1599 1523 1686 1551 vitam
1715 1524 1882 1553 redeuntem
1906 1529 2046 1561 monetur,

343 1579 376 1603 ut
397 1574 532 1603 mortales
554 1580 582 1603 et
602 1575 732 1612 inprimis
753 1575 940 1613 philosophos
963 1575 998 1603 de
1019 1580 1110 1604 morte
1132 1576 1263 1605 omnibus
1292 1577 1415 1606 instante
1437 1578 1601 1614 admoneat,
1632 1580 1734 1608 divites
1757 1580 1937 1609 insolentiam
1959 1581 2045 1620 depo-

344 1640 412 1659 nere
431 1631 543 1669 jubeat,
565 1641 710 1669 pauperes
732 1632 903 1660 consoletur.
944 1632 1109 1670 Menippus,
1134 1632 1261 1661 secundo
1282 1638 1311 1662 et
1333 1634 1435 1662 ceteris
1457 1634 1580 1673 dialogis
1598 1635 1665 1664 Orci
1682 1637 1742 1674 jam
1764 1636 1842 1673 civis,
1867 1637 1979 1672 divites,
2001 1641 2046 1675 ty-

344 1697 461 1722 rannos,
483 1687 624 1716 formosos
647 1689 706 1726 (18.
725 1688 786 1726 25.)
811 1688 994 1717 acerbissime
1015 1689 1104 1724 ridet;
1135 1689 1367 1727 perstringuntur
1388 1700 1473 1729 reges
1495 1696 1522 1722 2.
1540 1696 1587 1723 10.
1607 1696 1652 1723 13.
1671 1695 1717 1724 24.
1733 1697 1795 1727 27.,
1822 1693 1995 1723 Aristoteles
2017 1698 2046 1723 et

344 1744 477 1772 Socrates
494 1748 540 1775 15.
557 1746 603 1776 14.
621 1748 668 1775 20.
684 1748 738 1779 213
761 1744 790 1773 iu
806 1744 953 1774 Socratem
975 1745 1094 1783 indigua
1116 1750 1143 1774 et
1164 1746 1330 1784 turpissima
1346 1747 1538 1785 proferuntur,
1561 1753 1589 1776 at
1610 1748 1690 1777 fucus
1706 1749 1942 1787 philosophorum
1964 1760 2045 1788 egre-

343 1800 390 1837 gie
411 1800 577 1838 exagitatur
599 1800 714 1838 dialogo
731 1805 792 1835 10.,
819 1801 869 1830 ubi
890 1801 1068 1830 Graecorum
1090 1802 1140 1840 qni
1161 1807 1302 1831 vocantur
1323 1808 1433 1841 septem
1460 1805 1603 1842 sapientes
1624 1805 1794 1841 laudantur3
1825 1809 1925 1834 eontra
1946 1816 2045 1835 oracu-

343 1855 436 1884 lorum
456 1856 585 1885 instituta
612 1857 834 1895 fabularumque
863 1858 1044 1887 heroicarum
1073 1859 1158 1887 fidem
1186 1859 1286 1897 scripti
1307 1864 1374 1888 sunt
1395 1860 1502 1898 dialogi
1519 1865 1546 1892 5.
1566 1865 1628 1896 16.;
1657 1862 1685 1889 in
1708 1861 1927 1890 delectationem
1947 1863 2045 1901 legen-

344 1913 415 1941 tium
436 1913 609 1950 compositos
632 1913 740 1942 dixeris
761 1916 789 1946 4.
807 1918 853 1945 10.
870 1919 916 1945 22.
934 1919 982 1946 29.
1005 1920 1033 1944 et
1056 1915 1202 1953 dialogum
1218 1920 1264 1948 12.
1286 1917 1315 1945 in
1337 1927 1395 1955 quo
1409 1917 1585 1952 Alexander,
1608 1917 1764 1953 Hannibal,
1786 1917 1892 1956 Scipio,
1914 1919 2046 1956 quisnam

344 1978 381 1996 ex
402 1969 473 2006 ipsis
495 1979 621 1997 summus
644 1969 729 1998 fuerit
751 1970 780 1998 in
801 1970 888 1999 rebus
910 1971 1036 2006 bellicis,
1066 1981 1161 2000 coram
1180 1973 1279 2001 Minoe
1300 1974 1375 2002 inter
1396 1984 1428 2003 se
1449 1974 1611 2012 disceptant
1639 1978 1667 2002 et
1687 1983 1746 2002 rem
1775 1983 1792 2002 a
1812 1974 1896 2003 Livio
1916 1975 1974 2010 IX,
1997 1979 2045 2007 17.

343 2025 505 2053 inchoatam
528 2025 645 2063 egregie
667 2026 826 2064 perficiunt.
868 2027 944 2055 Aliis
965 2027 1218 2066 haeredipetarum
1232 2030 1368 2065 versutia,
1390 2030 1548 2059 Parcarum
1569 2030 1746 2068 malignitate
1767 2040 1855 2069 saepe
1876 2031 1915 2060 ad
1935 2031 2045 2060 irritum

342 2080 470 2115 redacta,
493 2081 665 2110 descrIbitur
687 2086 714 2114 5.
730 2087 757 2113 (3.
773 2086 798 2114 7.
813 2086 841 2114 8.
858 2087 904 2114 11.
927 2094 1013 2121 quam
1034 2094 1093 2113 rem
1108 2085 1254 2121 Horatius,
1276 2086 1403 2122 Persius,
1424 2087 1576 2116 Juvenalis
1597 2086 1674 2114 haud
1695 2086 1797 2115 melius
1819 2088 1948 2116 exsecuti
1968 2092 2044 2117 sunt.

342 2137 518 2175 Aequalium
533 2138 569 2166 de
585 2138 671 2167 rebus
688 2139 845 2177 poenisque
866 2144 931 2178 post
952 2145 1071 2170 mortem
1088 2141 1190 2170 futuris
1207 2143 1355 2180 opiniones
1368 2143 1468 2181 paucis
1483 2143 1636 2171 irridentur
1654 2147 1704 2178 17;
1728 2143 1843 2181 dialogo
1861 2148 1899 2175 26
1922 2153 2045 2182 aequam

341 2198 466 2222 mentem
493 2195 666 2223 servandam
693 2204 771 2230 esse,
803 2200 840 2227 19
863 2200 891 2225 et
912 2201 950 2228 50
978 2197 1029 2226 fati
1056 2198 1086 2226 vi
1112 2199 1206 2227 omnia
1233 2198 1305 2228 effici
1326 2200 1520 2238 injustumque
1548 2209 1610 2227 esse
1629 2199 1734 2227 Minois
1751 2199 1893 2238 judicium
1915 2200 2043 2230 docetur.

342 2250 584 2279 Demonstrantur
599 2260 634 2279 ea
650 2251 752 2289 magis,
775 2262 861 2290 quam
881 2253 1011 2282 ridentur
1033 2258 1061 2283 et
1082 2254 1177 2283 fatalis
1199 2255 1255 2284 ista
1274 2257 1439 2291 necessitas,
1464 2266 1521 2294 qua
1540 2256 1634 2294 posita
1654 2255 1748 2284 libera
1767 2256 1890 2285 hominis
1910 2257 2045 2286 voluntas

343 2306 468 2342 tollitur,
498 2307 669 2345 gravissime
697 2307 861 2338 defenditur
889 2313 918 2338 et
939 2310 977 2338 ad
999 2311 1169 2340 evertendas
1193 2311 1338 2341 hominum
1367 2312 1403 2341 de
1424 2317 1503 2341 recto
1524 2317 1552 2341 et
1572 2313 1691 2341 honesto
1713 2313 1869 2342 sententias
1891 2313 2046 2342 adhibetur

341 2362 372 2391 in
391 2362 467 2391 Jove
489 2364 634 2393 confutato
655 2365 797 2403 tragoedo
821 2366 892 2394 aliis.
936 2366 1009 2395 Fato
1031 2371 1126 2396 autem
1148 2368 1243 2397 omnia
1263 2369 1339 2404 fieri,
1364 2379 1451 2406 quum
1472 2378 1529 2397 non
1551 2369 1699 2399 docuerint
1717 2369 1854 2408 Epicurei
1875 2369 1928 2398 sed
1949 2369 2046 2404 Stoici,

342 2418 462 2448 dubium
482 2421 575 2458 possit
595 2421 702 2457 videri,
725 2432 793 2450 num
814 2422 975 2457 Lucianus,
999 2432 1087 2461 quum
1107 2424 1163 2453 ista
1184 2425 1341 2461 scriberet,
1365 2425 1477 2454 Stoicos
1498 2425 1591 2463 magis
1614 2430 1728 2454 secutus
1750 2426 1799 2462 sit,
1830 2436 1916 2464 quam
1937 2430 2046 2465 postea,

413 2555 462 2587 54)
483 2556 555 2581 Cous.
575 2557 708 2582 Lehmann
727 2558 759 2587 n,
779 2561 839 2585 465.
1693 2597 1712 2627 4
1737 2595 1756 2613 «k
