2280 2777
931 175 1184 210 -24-ὴ

217 294 265 314 sos
285 284 440 322 legentium
462 282 534 310 risus
556 279 683 308 ridendis
703 279 780 307 vitiis
801 277 925 306 voluerit
947 275 1057 304 efficere
1077 276 1115 311 is,
1147 275 1195 313 qui
1217 275 1314 303 divina
1334 276 1514 313 humanaque
1541 276 1634 304 omnia
1654 276 1761 310 rideat,
1791 279 1819 304 et
1839 275 1904 313 ipsa

218 341 289 368 vitia
309 339 452 368 hominnm
473 346 575 374 resque
596 336 682 373 longe
702 334 881 372 turpissimas
902 333 961 362 risu
983 337 1011 361 et
1027 333 1126 371 jocose
1147 335 1300 360 exsecutus
1321 332 1365 359 sit.
1387 348 1427 353 —-
1449 332 1529 368 Quae
1546 342 1616 360 vera.
1631 332 1757 361 maxima
1770 341 1807 360 ex
1820 335 1902 369 parte

218 405 282 424 esse
303 405 392 429 nemo,
413 394 467 422 nisi
489 392 537 430 qui
555 391 675 420 Luciani
696 391 791 419 fautor
812 390 908 428 inepte
931 394 982 424 est,
1003 389 1168 426 negaverit3
1191 392 1220 416 at
1241 388 1302 426 ipse
1316 387 1438 416 Rothius
1458 388 1554 417 multis
1575 389 1644 417 locis
1661 388 1818 417 Lucianum
1839 398 1902 416 san-

219 452 368 481 ctimoniae
390 449 534 488 quoddam
555 458 625 486 prae
646 457 677 476 se
698 447 797 476 tulisse
816 447 997 481 desiderium,
1019 445 1137 483 antiqua
1156 445 1289 473 miratum
1309 454 1380 478 esse,
1401 444 1550 473 veritatem
1567 444 1728 482 indagasse,
1749 445 1826 473 viros
1847 444 1902 472 vir-

218 513 280 537 tute
301 518 333 535 ac
355 506 505 534 sanctitate
526 508 713 542 praestantes,
734 509 766 532 ut
785 503 936 541 Nigrinum
958 507 985 531 et
1006 502 1212 530 Demonactem
1234 501 1350 529 summis
1371 500 1506 529 laudibus
1527 501 1703 536 celebrasse,
1723 500 1793 529 scite
1815 500 1902 529 anim-

219 564 351 592 advertit.
393 562 434 590 At
451 571 485 590 ea
500 562 563 599 ipsa
577 561 660 589 nobis
672 560 806 589 videntur
820 560 957 594 sufficere,
979 564 1010 587 ut
1026 559 1115 586 satira.
1134 558 1225 595 possit
1242 557 1336 586 scribi.
1380 557 1517 593 Quamvis
1535 557 1609 585 enim
1622 557 1686 585 leve
1701 562 1730 585 et.
1743 561 1901 585 tortuosum

218 619 335 648 Luciani
356 618 502 655 ingenium
521 617 619 645 Protei
639 618 729 646 instar
755 617 783 645 in
804 617 896 645 omnia
924 626 954 644 sc
976 615 1218 644 transformaverit
1239 614 1376 642 miracula
1396 623 1506 647 rerum,
1536 613 1677 641 desiderio
1698 617 1794 642 tamen
1814 623 1902 651 saepe

217 686 279 704 cum
300 675 430 703 videmus
452 679 567 712 captum
589 674 754 702 excelsioris
775 674 853 702 illius
875 672 1003 700 veritatis
1025 671 1238 708 honestatisque
1259 670 1475 708 cognoscendae
1495 674 1522 698 et
1540 670 1731 705 exercendae;
1755 679 1811 707 quo
1832 670 1902 698 recti

216 732 385 769 honestique
407 730 502 759 studio
524 730 626 759 ductus
648 740 735 768 aegre
756 730 866 758 ferebat
887 739 955 757 sane
977 728 1139 766 aequalium
1161 727 1365 765 perversitates
1386 736 1439 754 nec
1461 726 1539 754 aliud
1561 726 1717 764 quidquam
1729 726 1827 760 voluit,
1849 725 1903 753 nisi

215 798 314 816 verum
335 787 454 816 ridendo
477 787 580 815 dicere.
623 786 707 824 Quod
728 792 821 815 utrum
843 787 881 820 is,
911 786 959 823 qui
980 785 1067 822 bigae
1088 784 1168 812 istius
1191 783 1357 812 Platonicae
1381 783 1421 821 (in
1438 782 1586 820 Phaedro)
1608 783 1716 811 ratione
1737 782 1821 811 modo
1844 792 1903 810 sur-

215 855 278 872 sum
299 844 436 881 dirigeret
457 854 583 879 cursum,
613 844 697 872 modo
719 844 852 872 deorsum
880 842 917 870 ad
945 841 1078 870 libidines
1106 840 1241 875 ferretur,
1273 844 1351 868 recte
1372 839 1498 877 potuerit
1526 839 1620 867 faeere
1642 839 1766 867 dubitari
1788 838 1903 877 quidem

215 906 323 938 potest3
348 904 376 929 at
397 900 472 935 vide,
495 910 540 935 ne,
563 900 613 929 ubi
633 901 686 928 nisi
709 910 726 928 a
746 900 808 928 viro
830 903 977 928 constante
998 902 1026 926 et
1045 897 1190 936 perfectae
1211 897 1325 925 virtutis
1347 900 1472 924 amatore
1494 896 1610 924 satiram
1631 905 1717 933 posse
1738 905 1795 923 non
1816 895 1902 924 scribi

216 957 366 992 statueris,
388 966 470 985 nemo
487 958 549 995 jam
569 958 748 995 relinquatur
769 956 908 984 satiricus
949 955 1023 983 Nam
1045 959 1073 982 et
1092 954 1227 988 Horatio,
1259 963 1343 991 quem
1365 962 1463 981 omnes
1484 952 1629 981 satiricum
1651 961 1713 980 esse
1735 951 1904 986 concedunt,

215 1014 252 1042 ab
276 1024 358 1042 servo
381 1014 465 1042 datur
491 1014 615 1048 crimini,
645 1013 722 1052 qnod
748 1024 804 1041 non
820 1014 927 1051 firmus
947 1016 1056 1040 rectum
1078 1010 1212 1039 defendat
1234 1010 1307 1048 (Sat.
1325 1010 1369 1045 113
1393 1014 1418 1044 7,
1433 1010 1503 1047 26).
1545 1009 1581 1038 Et
1604 1009 1679 1037 idem
1697 1008 1834 1037 Horatius
1855 1008 1904 1036 ob-

215 1080 320 1099 scoena
340 1070 480 1098 obscoene
503 1075 531 1099 et
553 1070 703 1099 subridens
726 1069 936 1108 quodammodo
964 1068 1105 1106 exposuit.
1147 1067 1225 1096 Illud
1247 1071 1323 1096 certe
1351 1067 1419 1094 mihi
1446 1066 1560 1094 videtur
1588 1070 1670 1094 extra
1698 1065 1904 1093 dubitationem

214 1127 348 1165 positum,
372 1127 445 1155 inter
466 1137 610 1155 sermones
630 1127 751 1162 Horatii,
773 1136 844 1164 quos
866 1136 883 1153 a
904 1125 997 1154 satiris
1020 1124 1192 1158 distinxeris,
1215 1128 1243 1152 et
1264 1124 1392 1152 satiricos
1413 1123 1534 1151 aniani
1555 1122 1686 1159 dialogos
1708 1131 1794 1159 qnam
1815 1121 1904 1149 maxi-

213 1194 288 1212 mam
310 1183 487 1212 intercedere
509 1184 738 1218 similitudinem,
767 1187 795 1211 et
815 1187 968 1220 utrumque
991 1180 1027 1209 de
1048 1180 1232 1218 philosophia
1251 1180 1396 1217 rebusque
1417 1180 1546 1207 humanis
1569 1179 1668 1206 eadem
1690 1178 1748 1205 fere
1770 1177 1902 1206 sensisse.

213 1241 317 1278 Itaque
338 1250 393 1268 non
414 1245 472 1269 tam
493 1251 557 1275 suo,
588 1251 673 1278 quam
694 1239 890 1274 humanitatis,
917 1238 1097 1273 eruditionis,
1118 1237 1286 1275 prudentiae
1309 1242 1336 1265 et
1358 1236 1514 1274 sapientIae
1535 1235 1647 1263 nomine
1669 1234 1730 1262 risit
1751 1234 1779 1261 in
1801 1234 1905 1269 satiris,

214 1302 247 1326 ut
268 1297 382 1325 videtur
402 1297 555 1325 Lucianus.

375 1353 457 1382 Idem
477 1357 509 1382 ut
530 1354 559 1382 in
578 1353 668 1388 libris,
692 1362 762 1390 quos
783 1352 867 1380 modo
888 1351 1115 1386 memoravimus,
1136 1351 1207 1379 vitia
1225 1350 1369 1378 hominum
1389 1348 1489 1386 generi
1511 1348 1669 1377 communia
1688 1349 1904 1387 perstrinxerat,

212 1410 253 1439 ita
274 1410 303 1438 in
324 1410 388 1438 aliis
409 1410 581 1448 quibusdam
602 1409 777 1447 singulorum
797 1409 928 1437 ordinum
950 1408 997 1436 vel
1016 1408 1160 1436 hominum
1181 1417 1273 1436 mores
1296 1411 1323 1435 et
1345 1405 1565 1434 consuetudines
1587 1405 1746 1443 descripsit,
1769 1405 1818 1443 qui
1838 1409 1903 1433 sunt

215 1470 348 1499 50—-55
369 1467 488 1505 Dialoyz‘
512 1467 673 1501 meretricii,
701 1467 875 1504 Peregrinus
896 1467 1031 1499 Proteus,
1061 1466 1198 1493 adversus
1218 1465 1379 1497 Indoctnm,
1408 1462 1539 1500 Fugitivi.
1581 1463 1712 1500 Dialoyz's
1739 1461 1902 1500 quindecim

215 1524 360 1552 Lucianus
380 1524 465 1558 vitia,
488 1532 594 1558 mores,
623 1528 697 1551 artes
718 1523 858 1560 magicas,
881 1522 1071 1560 suspiciones,
1101 1521 1274 1558 zelotypiam
1295 1520 1535 1548 meretricularum
1556 1519 1646 1547 multa
1667 1529 1731 1547 cum
1751 1522 1903 1546 venustate

213 1585 250 1615 et,
274 1581 299 1609 si
319 1590 407 1609 unum
429 1580 585 1618 exceperis,
609 1580 678 1608 satis
699 1580 802 1617 pudice
825 1579 967 1617 exposuit.
1009 1578 1084 1606 Num
1106 1587 1183 1612 vero,
1207 1581 1238 1606 ut
1260 1576 1431 1615 quibusdam
1451 1575 1572 1613 placuit,
1597 1575 1824 1603 adolescentulos
1845 1585 1904 1603 mo-

216 1647 283 1665 nere
305 1637 437 1671 voluerit,
461 1641 493 1665 ut
514 1637 550 1665 ab
571 1636 683 1665 illorum
705 1636 868 1674 praestigiis
890 1640 1026 1669 caveant,
1049 1635 1233 1663 vehementer
1254 1634 1426 1662 dubitamus.
1468 1633 1521 1660 Est
1542 1632 1616 1660 enim
1637 1632 1719 1660 nimis
1737 1632 1854 1670 jocosus
1875 1632 1903 1659 in

217 1694 357 1732 ejusmodi
377 1693 557 1722 meretricum
579 1693 767 1731 depingendis
788 1693 913 1721 moribus
935 1702 987 1720 nec
1009 1691 1088 1720 aliud
1110 1691 1266 1729 quidquam
1287 1690 1379 1718 voluit
1401 1689 1515 1727 assequi
1534 1689 1587 1717 nisi
1607 1689 1676 1717 artis
1694 1689 1723 1717 in
1741 1688 1903 1717 describen—

215 1751 260 1779 dis
281 1751 424 1779 hominum
445 1750 571 1778 moribus
592 1750 716 1778 laudem.
758 1750 798 1777 At
819 1759 878 1777 rem
891 1749 980 1777 multo
995 1748 1159 1786 graviorem
1180 1748 1279 1776 sumsit
1300 1747 1354 1775 sibi
1366 1747 1509 1774 Luci-anus
1531 1745 1709 1774 tractandam
1730 1745 1759 1773 in
1777 1745 1903 1774 celebra-

215 1808 323 1836 tissimo
345 1807 453 1841 libello,
479 1807 527 1845 qui
543 1807 681 1844 tragicam
696 1807 846 1844 Pei-cyrini
859 1807 956 1834 Protei
974 1810 1070 1834 narrat
1087 1810 1215 1833 mortem.
1258 1804 1323 1832 Suis
1345 1804 1433 1832 oculis
1452 1812 1481 1831 se
1503 1802 1609 1830 vidisse
1630 1802 1667 1830 ad
1681 1802 1815 1830 Cronium
1837 1801 1903 1829 ami-

216 1874 280 1892 cum
301 1864 399 1892 scrIbit
418 1863 576 1898 Lucianus,
599 1868 630 1891 ut
650 1863 698 1891 ille
719 1867 912 1891 veteratorum
934 1862 1058 1891 omnium
1079 1862 1212 1900 princeps
1232 1860 1399 1898 Olympiae,
1422 1870 1485 1888 cum
1507 1859 1568 1887 dies
1589 1859 1654 1887 festi
1676 1863 1844 1896 agerentur,
1875 1858 1903 1886 in

216 1930 317 1958 rogum
339 1920 374 1948 ab
396 1920 459 1958 ipso
482 1930 632 1949 accensum
653 1929 683 1948 se
705 1919 841 1957 injecerit.
883 1920 982 1947 Liceat
1002 1919 1100 1954 nobis,
1131 1923 1255 1946 nostram
1278 1918 1313 1945 de
1334 1918 1388 1945 hoc
1408 1916 1507 1944 libello
1529 1915 1712 1950 sententiam,
1741 1925 1827 1953 quam
1848 1915 1904 1943 alio

216 1977 279 2005 loco
301 1977 442 2014 copiosius
464 1977 645 2015 exposuimus
673 1976 757 2014 (conf.
780 1981 836 2004 not.
856 1977 905 2013 15)
935 1986 1019 2014 quam
1040 1975 1219 2014 paucissimis
1241 1974 1375 2002 indicare.
1418 1973 1604 2007 Dubitamus,
1634 1982 1701 1999 num
1721 1971 1903 2010 Peregrinus,

216 2033 252 2062 de
275 2034 354 2071 cujus
375 2034 500 2062 moribus
519 2034 614 2062 Aulus
628 2033 739 2061 Gellius
762 2038 788 2061 et
810 2033 870 2071 ipse
890 2033 1032 2061 Lucianus
1052 2033 1081 2060 in
1103 2032 1165 2060 aliis
1186 2031 1331 2070 opusculis
1352 2030 1467 2059 diversa
1489 2034 1517 2058 et
1537 2029 1629 2058 minus
1650 2028 1746 2066 turpia
1767 2028 1904 2066 prodidit,

215 2091 325 2128 gloriae
346 2091 463 2118 vesania
483 2095 576 2119 motus
597 2090 654 2118 tale
675 2090 773 2118 mortis
794 2099 884 2127 genus
907 2089 1034 2127 clegerit,
1058 2094 1086 2118 et
1108 2089 1222 2117 satirica
1244 2088 1384 2116 credimus
1406 2087 1518 2115 fictione
1538 2086 1696 2114 Lucianum
1716 2085 1745 2113 in
1764 2085 1903 2123 Cynicum

217 2147 360 2185 quendam
379 2147 608 2185 Cynicormnque
630 2151 737 2175 sectam
758 2147 902 2174 invectum
923 2156 984 2174 csse
1005 2147 1059 2181 ita,
1086 2150 1118 2174 ut
1139 2145 1294 2174 Christiani
1314 2144 1398 2173 simul
1420 2152 1574 2181 eorumque
1594 2147 1750 2180 martyres,
1783 2151 1903 2179 quorum

218 2204 246 2232 in
268 2209 355 2232 morte
374 2204 518 2232 Lucianus
541 2203 631 2232 simile
652 2203 862 2241 superstitionis
884 2213 916 2231 ac
938 2203 1046 2240 gloriae
1068 2212 1158 2241 genus
1178 2202 1320 2230 detexisse
1342 2201 1396 2229 sibi
1418 2200 1584 2235 videbatur,
1608 2199 1778 2227 riderentur.
1821 2198 1902 2235 Quae

218 2270 287 2288 vero
307 2261 453 2295 Tatianus‚
476 2260 694 2298 Athenagoras,
718 2260 923 2294 Philostratus,
948 2259 1142 2288 Tertullianus
1164 2259 1200 2287 de
1220 2258 1376 2296 Peregrino
1398 2257 1583 2295 ejusdemque
1605 2256 1641 2284 de
1661 2260 1752 2284 morte
1774 2255 1903 2283 volunta-

216 2317 260 2345 ria
280 2317 437 2352 tradidere,
467 2317 504 2346 ad
523 2317 681 2346 Lucianum
700 2316 850 2345 referenda
877 2326 938 2345 esse
965 2316 1098 2345 videntur
1118 2320 1275 2350 auctorem,
1305 2315 1355 2352 qui
1374 2314 1479 2352 Ignatii
1501 2314 1586 2342 etiam
1609 2317 1637 2342 et
1655 2312 1813 2350 Polycarpi
1834 2311 1901 2346 fata,

216 2373 303 2401 fando
325 2374 371 2401 vel
392 2374 515 2412 legendo
537 2374 592 2402 sibi
614 2373 744 2412 cognita,
767 2373 795 2401 iu
815 2373 869 2401 hoc
889 2373 988 2402 libello
1011 2373 1203 2411 perstringere
1225 2372 1350 2400 voluisse
1372 2371 1494 2399 videtur.
1535 2370 1613 2399 Illud
1634 2369 1750 2408 quidem
1770 2368 1904 2397 videatur

216 2430 334 2465 mirum,
355 2430 433 2467 quod
455 2431 554 2459 eodem
575 2440 664 2466 anno,
687 2440 743 2468 quo
765 2429 921 2459 secundnm
941 2429 1084 2458 hominum
1105 2430 1267 2458 criticorum
1288 2428 1457 2457 sententiam
1476 2427 1620 2456 Lucianus
1642 2430 1775 2464 quartum
1798 2426 1841 2464 (ut
1863 2424 1903 2453 ait

218 2486 337 2524 Pei-egr.
357 2486 407 2524 55)
428 2487 503 2515 ludis
518 2486 676 2525 Olympicis
696 2487 823 2516 interfuit
845 2485 974 2525 (Olymp.
990 2491 1057 2522 256,
1078 2487 1140 2515 sive
1161 2496 1234 2515 anno
1255 2497 1284 2524 p.
1300 2485 1366 2513 Chr.
1388 2495 1415 2513 n.
1436 2485 1506 2523 165)
1529 2488 1558 2513 et
1579 2493 1635 2522 quo
1647 2482 1798 2520 Peregrini
1818 2482 1902 2509 finem

218 2543 326 2572 vidisse
346 2552 377 2571 se
397 2548 502 2579 narrat,
524 2544 704 2583 Polycarpus
725 2544 808 2572 etiam
828 2543 894 2572 fidei
915 2553 984 2572 suae
1005 2543 1034 2571 in
1052 2543 1164 2573 Christo
1185 2543 1295 2581 positae
1318 2541 1504 2571 constantiam
1523 2545 1612 2570 morte
1634 2550 1686 2569 sua
1707 2543 1828 2568 testatus
1849 2541 1902 2566 est.
