2280 2777
900 147 1157 182 ..34-

185 259 336 287 Demonax
357 266 403 285 res
424 263 513 283 novas
535 253 564 280 in
583 250 767 289 philosophia
788 259 847 278 non
864 248 1019 282 invenerit,
1041 246 1094 276 sed
1116 245 1237 275 aliorum
1250 245 1484 283 philosophorum
1498 245 1623 273 rationes
1642 244 1672 272 in
1689 253 1775 272 unam
1795 242 1879 280 quasi

186 312 395 345 commiscuerit
416 311 485 350 (5.)‚
517 308 630 338 silentio
653 316 717 335 eum
738 308 851 344 poterat
872 304 1030 342 praeterire
1051 303 1254 331 Philostratus.
1297 301 1400 339 Itaque
1423 300 1555 329 Olearius
1583 302 1623 339 (p.
1651 300 1722 337 556)
1750 298 1879 327 fabulam

186 381 250 401 esse
271 371 345 398 hunc
366 367 496 396 libellum
522 365 583 393 sine
606 364 687 402 justa
716 371 803 390 causa
830 360 984 390 contendit.
1027 359 1217 388 Concedimus
1247 357 1350 392 etiam,
1382 357 1502 395 reperiri
1529 357 1556 384 in
1589 356 1673 384 dictis
1693 354 1880 384 Demonactis

185 426 337 459 nonnulla,
370 432 444 461 quae
466 421 565 449 Attico
587 420 648 448 sale
669 422 786 447 careant
807 421 835 446 et
855 417 938 446 nimis
960 416 1015 444 sint
1035 415 1155 453 frigida,
1191 424 1277 452 quam
1299 422 1374 451 quae
1403 423 1421 441 a
1440 412 1568 441 Luciano
1591 412 1749 450 composita
1769 411 1881 450 possint

187 482 287 512 haberi
316 482 359 519 (ut
381 483 428 510 12.
448 481 494 509 15.
516 480 562 508 17.
583 480 629 507 22.
647 475 722 512 25.);
749 478 778 502 at
801 473 892 502 altera
914 482 950 500 ex
978 476 1060 510 parte
1083 471 1168 499 nimis
1192 470 1374 499 celebrantur
1394 469 1582 497 Demonactis
1602 468 1721 503 laudes3
1755 472 1783 495 et
1805 475 1882 504 quae

189 539 225 567 de
245 535 404 575 mysteriis,
437 533 583 562 sacrificiis
613 536 641 560 et
662 530 797 569 precibus
814 529 964 568 judicasse
985 528 1193 556 Demonactem
1213 530 1346 554 narratur
1368 527 1428 563 (11.
1445 524 1522 562 27.),
1554 534 1627 562 quae
1650 524 1686 552 de
1707 524 1808 552 sedata
1828 532 1882 561 per

188 595 301 623 unicum
320 590 506 619 Demonactis
527 588 648 617 verbum
661 587 762 626 populi
783 586 922 615 seditione
934 590 962 613 et
974 584 1009 612 de
1025 583 1180 612 honoribus
1201 583 1243 610 illi
1266 582 1302 610 ab
1317 582 1450 610 universa
1470 580 1593 609 Graecia
1615 580 1719 610 habitis
1742 582 1802 620 (65.
1820 580 1882 618 64.)

188 649 383 689 proferuntur,
421 657 438 675 a
458 645 514 674 fide
537 644 672 673 historiae
694 644 786 672 aliena
816 652 878 670 esse
900 641 1042 669 videntur.
1088 640 1192 668 Cetera
1220 644 1279 667 tam
1309 637 1423 676 placide
1453 643 1482 667 et
1502 638 1630 666 suaviter
1651 642 1817 671 narrantur,
1852 640 1885 665 ut

188 707 250 744 ipse
272 704 417 733 Lucianus
438 712 520 731 suam
541 704 719 730 senectutem
738 700 792 728 hoc
814 698 914 726 libello
936 697 1092 735 depingere
1115 700 1142 723 et
1163 695 1305 724 consolari
1326 695 1451 723 voluisse
1473 694 1620 729 xideatur,
1655 693 1732 731 quod
1753 703 1790 721 ex
1812 693 1885 720 mira

188 762 273 791 etiam
295 759 432 790 sermonis
454 758 638 796 simplicitate
660 755 842 785 concluseris.
886 754 966 790 Quae
994 753 1049 782 etsi
1070 757 1135 781 sunt
1168 752 1295 786 ineerta,
1329 756 1406 779 certo
1429 755 1525 779 tamen
1546 750 1575 778 in
1596 750 1736 788 Aegypto
1757 749 1883 787 scriptus

188 823 232 847 est
251 817 368 846 libellus
390 826 407 844 a
428 824 496 843 sene
517 814 645 842 Luciano
666 814 742 852 (cap.
758 816 805 843 10.
820 814 846 842 4.
869 810 901 840 ἑν
914 807 992 849 γήρᾳ
1014 806 1158 848 ὑστάτῳ,
1180 806 1258 848 πρός
1280 804 1366 846 αυ’τῷ
1390 804 1449 843 ἤδη
1471 805 1583 844 Αιόἷκῳ
1607 803 1779 845 γενόμενος)
1806 806 1883 843 Apo-

189 875 262 913 logia
279 883 337 911 pro
359 873 484 901 mercede
505 871 657 899 conductis.
700 869 826 902 Mutata,
862 866 940 904 quod
961 875 1049 904 supra
1071 865 1211 899 diximus,
1244 863 1322 892 vitae
1344 863 1497 897 institutio,
1537 864 1638 901 (quum
1659 862 1805 890 Lucianus
1826 871 1887 890 mu-

189 940 257 959 nere
280 929 397 967 publico
419 927 618 956 Alexandriae
638 924 833 963 fungeretur),
857 931 987 961 pugnare
1009 921 1163 950 videbatur
1186 930 1250 949 cum
1271 920 1318 954 iis,
1344 929 1417 957 quae
1439 919 1535 947 multis
1558 919 1639 947 aunis
1662 923 1727 947 ante
1752 918 1787 946 de
1809 917 1884 946 tristi

190 987 334 1015 hominum
355 984 489 1013 mercede
507 983 713 1012 conductorum
734 980 816 1019 (Nro.
831 980 891 1017 55.)
915 978 1077 1008 conditione
1100 980 1281 1015 exposuerat.
1315 976 1371 1012 Qui
1393 975 1462 1004 talia
1484 976 1510 1004 ei
1532 974 1762 1013 exprobravere,
1785 974 1888 1002 docen-

190 1047 236 1072 tur
257 1052 274 1071 a
294 1041 437 1075 Luciam,
471 1049 502 1069 se
523 1049 580 1068 non
602 1038 738 1077 privatis,
773 1036 824 1065 sed
853 1035 1030 1074 reipublicae
1060 1043 1179 1072 operam
1201 1043 1281 1062 suam
1309 1033 1421 1066 locarc;
1453 1031 1554 1060 eodem
1582 1031 1668 1060 modo
1696 1034 1888 1069 Imperatores

190 1099 277 1128 etiam
305 1097 468 1126 mercedem
499 1096 646 1134 publicam
675 1094 814 1131 accipere.
861 1092 969 1120 Munus
997 1091 1075 1120 istud
1104 1090 1319 1128 Aegyptiacum
1347 1099 1410 1117 cum
1441 1092 1553 1117 teneret
1580 1088 1743 1122 Lueianus⁷
1779 1096 1889 1125 pravae

192 1156 292 1190 etiam,
314 1158 347 1183 ut
367 1153 499 1187 videtur,
523 1152 585 1190 ejus
607 1152 643 1180 de
658 1151 745 1179 rebus
759 1149 863 1178 divinis
885 1148 1034 1186 opiniones
1057 1146 1095 1175 ad
1106 1146 1284 1185 praefectum
1299 1145 1431 1183 Aegypti
1446 1144 1658 1179 deferebantur,
1680 1143 1889 1182 (10.12.14.);

192 1213 290 1249 itaque
311 1210 459 1240 Lueianus
479 1209 509 1237 in
529 1208 629 1236 libello
644 1206 844 1236 calumniatori
858 1216 913 1234 non
937 1210 1038 1233 temere
1059 1205 1229 1232 credendum
1253 1201 1447 1231 delationibus
1470 1200 1611 1239 ejusmodi
1632 1200 1787 1228 maximam
1802 1199 1890 1228 rebus

191 1267 314 1306 privatis
336 1277 369 1295 ac
389 1265 515 1304 publicis
537 1264 633 1293 afferri
653 1267 764 1302 pestem
787 1262 885 1296 docet,
914 1265 1068 1299 monetque
1091 1259 1233 1298 quomodo
1254 1259 1312 1287 illis
1331 1258 1539 1287 occurrendum
1556 1257 1600 1286 sit.
1623 1272 1663 1276 —
1690 1255 1890 1284 Alexandriae

193 1324 279 1353 etiam
299 1323 425 1352 muneris
446 1321 557 1361 publici
579 1320 737 1349 rationibus
760 1319 940 1357 suspicamur
962 1317 1119 1346 adductum
1140 1316 1227 1345 fuisse
1240 1315 1413 1349 Lueianum,
1435 1319 1475 1349 ut,
1498 1314 1575 1353 quod
1597 1314 1625 1342 in
1641 1313 1762 1351 Nigrino
1778 1312 1891 1345 riseraty

193 1390 277 1409 mane
298 1380 438 1408 salutaret
459 1378 643 1417 potentiores.
686 1376 843 1405 Acciderat
865 1376 895 1403 in
917 1375 969 1403 tali
992 1374 1177 1408 salutatione,
1207 1376 1239 1401 ut
1259 1382 1313 1410 pro
1335 1371 1444 1400 solenni
1466 1371 1590 1399 formula
1610 1371 1697 1410 χαῖρε
1718 1369 1811 1397 minus
1832 1368 1890 1397 usi-

193 1441 284 1465 tatam
305 1435 456 1464 adhiberet
480 1432 606 1473 ὑγιάινε.
649 1433 741 1469 Quem
763 1433 893 1469 Lapsum
915 1432 943 1460 in
966 1432 1118 1460 salutando
1148 1429 1231 1458 docte
1259 1428 1390 1467 quidem,
1422 1427 1474 1456 sed
1502 1427 1606 1465 frigida
1635 1431 1663 1454 et
1692 1424 1831 1463 languida
1850 1424 1892 1452 lo-

195 1493 340 1531 quacitate
362 1494 491 1520 excusat.
532 1489 654 1518 Dolebis
676 1498 788 1517 mecum
807 1488 877 1516 talia
899 1487 1001 1516 fecisse
1024 1492 1052 1515 et
1073 1486 1222 1524 scripsisse
1250 1485 1362 1523 gloriae
1385 1484 1592 1521 dignitatisque
1623 1491 1691 1511 suae
1709 1482 1770 1520 jam
1793 1490 1891 1519 super-

195 1549 291 1578 stitem
312 1547 480 1576 Lucianum.

358 1604 399 1632 At
420 1603 513 1640 magis
535 1602 621 1630 etiam
642 1601 783 1630 dolendus
803 1600 938 1628 videatur
960 1600 1122 1633 Lucianus,
1146 1598 1184 1633 si,
1206 1601 1237 1626 ut
1256 1597 1325 1625 viris
1349 1597 1440 1625 doctis
1464 1596 1575 1634 placet.
1598 1594 1729 1633 podagra
1751 1593 1894 1622 cruciatus

195 1662 249 1690 fuit
269 1670 372 1695 senex,
403 1660 484 1698 cujus
506 1658 623 1687 dolores
646 1657 769 1686 carmine
791 1657 829 1685 ad
849 1657 910 1694 ejus
932 1655 1049 1684 laudem
1072 1655 1245 1693 composito,
1277 1658 1309 1683 ut
1330 1658 1446 1692 putant,
1480 1652 1603 1681 lenierit.
1644 1651 1747 1679 Insunt
1770 1650 1844 1678 enim
1864 1649 1895 1677 in

195 1718 317 1747 Luciani
343 1717 480 1755 operibus
502 1715 618 1753 poetica
645 1713 788 1752 quaedam
815 1717 948 1744 77-79:
991 1712 1224 1750 Epigrammata,
1259 1710 1379 1748 Ocypus
1408 1713 1435 1738 ct
1456 1708 1695 1747 Tragopodagra.
1738 1707 1893 1744 Epiyrczm-

196 1780 275 1805 mata
297 1775 352 1803 ista
381 1783 450 1801 num
472 1782 488 1800 a
508 1771 636 1800 Luciano
667 1774 695 1798 et
725 1769 841 1807 quando
869 1769 924 1797 sint
952 1768 1128 1807 composita,
1162 1777 1246 1795 nemo
1278 1765 1526 1795 demonstraverit.
1570 1764 1643 1793 Sunt
1675 1768 1771 1792 autem
1803 1762 1896 1791 multa

200 1841 296 1860 eorum
325 1830 394 1859 satis
420 1828 589 1862 mediocria,
626 1827 683 1856 alia
713 1826 836 1855 Lucillio
868 1825 980 1854 cuidam
1010 1825 1057 1853 vel
1080 1824 1144 1853 aliis
1166 1824 1259 1862 po'e'tis
1280 1822 1458 1855 tribuuntur,
1501 1831 1622 1859 quorum
1651 1820 1776 1849 carmina
1798 1819 1826 1847 111
1849 1828 1897 1846 311-

198 1887 327 1925 thologia
338 1887 452 1915 Graeca
465 1885 609 1923 leguntur.
642 1883 799 1921 Ocypodem
822 1882 937 1920 plurimi
950 1885 982 1909 ut
995 1881 1152 1909 absurdum
1166 1880 1373 1918 indignumque
1388 1878 1515 1907 Luciano
1529 1881 1634 1916 poema
1648 1880 1838 1915 aspernantur
1845 1874 1894 1912 ⁶⁵),

198 1943 376 1972 Wetzlarius
398 1942 465 1978 „ubi
480 1941 600 1979 Ocypus
617 1939 738 1975 desinat,
760 1937 1021 1976 Tragopodagram
1034 1936 1268 1975 subjungendam
1280 1939 1360 1964 esse“
1383 1935 1496 1973 putavit
1510 1934 1557 1972 67).
1591 1933 1762 1962 Celebratur
1775 1932 1805 1960 in
1819 1935 1896 1960 utro—

199 2009 256 2038 que
267 1999 391 2028 carmine
414 1998 564 2037 podagrae
583 2000 727 2035 potestas,
750 2005 807 2033 qua
828 1994 969 2022 sanissimi
990 1994 1098 2031 quique
1114 1997 1143 2021 et
1164 1993 1226 2031 ipsa
1246 1992 1422 2021 medicorum
1438 2001 1484 2020 ars
1501 1991 1640 2020 vincatur.
1671 1989 1731 2018 Nos
1745 1989 1895 2026 Tragopo-

198 2056 319 2094 dagram
339 2054 460 2084 Luciani
482 2063 555 2092 opus
577 2061 640 2081 esse
661 2061 824 2085 censemus,
848 2050 948 2079 eodem
966 2049 1087 2079 fortasse
1109 2050 1247 2088 scriptum
1268 2053 1412 2088 tempore,
1444 2057 1500 2086 quo
1521 2047 1638 2086 Jupiter
1660 2046 1796 2084 tragicus.
1839 2044 1895 2073 Lu-

200 2112 298 2141 eianus
318 2112 349 2140 in
369 2110 509 2149 ejusmodi
529 2109 616 2138 rebus
638 2108 774 2137 canendis
794 2111 827 2136 ut
847 2116 904 2135 non
925 2106 1012 2134 fuisse
1034 2106 1150 2135 videtur
1171 2106 1296 2144 primus,
1339 2106 1381 2133 ita
1408 2105 1564 2133 imitatores
1587 2104 1672 2132 etiam
1694 2102 1801 2131 invenit
1824 2101 1898 2129 inter

202 2167 409 2197 Germanorum
430 2166 584 2195 nonnullos
605 2168 721 2204 poetas,
745 2165 795 2202 qui
816 2164 932 2192 saeculo
953 2163 1024 2191 XV.
1047 2167 1075 2191 et
1096 2162 1184 2191 XVI.
1207 2173 1236 2200 p.
1259 2162 1326 2191 Chr.
1348 2172 1376 2190 n.
1399 2161 1521 2190 floruere
1542 2159 1590 2198 ⁶⁸).

276 2309 324 2340 66)
343 2308 428 2340 Pauly
447 2307 644 2338 Uebersetzung
662 2306 681 2335 Ι,
702 2308 743 2333 18.

274 2357 324 2388 67)
344 2357 390 2381 l.1.
407 2365 432 2389 p.
452 2360 494 2384 56.
520 2356 556 2380 At
573 2357 601 2379 in
620 2354 744 2387 Ocypode
764 2361 829 2379 unus
855 2357 895 2378 est
920 2361 1012 2386 aeger.
1047 2354 1090 2384 qui
1110 2357 1186 2376 antea
1204 2351 1374 2376 validissimis
1394 2358 1456 2375 usus
1477 2354 1530 2374 erat
1549 2349 1659 2382 pedibus
1688 2346 1845 2381 (ahinoem
1873 2346 1901 2369 iu

345 2405 547 2437 Tragopodagra
565 2403 624 2436 Syri
647 2403 697 2428 duo
716 2402 811 2427 medici
829 2403 857 2426 in
876 2401 945 2426 idem
964 2401 1083 2425 incidunt
1100 2401 1205 2425 malum.

276 2453 326 2484 68)
345 2453 411 2478 Nam
432 2456 458 2477 et
475 2453 665 2481 Philostratus,
694 2452 748 2476 vita
767 2450 854 2484 Apoll.
873 2450 916 2480 IV,
937 2454 979 2477 30.
1003 2450 1125 2481 juvenem
1144 2449 1293 2481 loquentem
1311 2449 1374 2473 facit
1392 2445 1529 2480 ποδάγρας
1547 2443 1678 2479 ἐγκώμιόν
1697 2454 1725 2470 τι
1738 2447 1782 2477 μοὶ
1803 2442 1896 2468 συντέ-

346 2510 450 2527 τακται.
486 2501 556 2526 Inter
575 2501 722 2525 Germanici
741 2500 854 2525 nominis
872 2500 962 2532 poetas
981 2497 1145 2523 Fischartum
1163 2497 1358 2523 celeberrimum
1383 2503 1450 2521 saec.
1472 2495 1540 2520 XVI.
1556 2495 1690 2519 satiricum
1714 2491 1824 2517 Lueiani
1844 2498 1899 2516 esr-
