2280 2777
1089 136 1314 171 -9-

523 238 646 267 Athenis
667 247 720 276 per
739 237 842 276 viginti
863 237 922 266 fere
943 247 1031 266 annos
1052 241 1197 265 versatum
1215 237 1388 274 Lucianum,
1412 239 1533 268 Athenis
1557 241 1688 279 egregios
1708 241 1838 277 libellos,
1870 252 1941 280 quos
1962 243 2049 272 hodie

359 295 500 324 mirantur
520 304 633 329 omnes,
656 294 845 332 conscriptos,
874 303 971 322 omnes
991 294 1050 322 fere
1071 294 1257 323 consentiunt.
1298 296 1400 334 Itaque
1421 296 1503 325 nobis
1525 307 1561 325 cx
1582 297 1652 336 ipsis
1671 297 1790 326 Luciam'
1810 297 1906 327 vcrbis
1927 299 1950 327 is
1971 300 2048 329 insti-

361 351 486 381 tuendus
509 361 571 380 0550
591 351 706 380 videtur
726 351 812 387 ordo,
831 355 864 379 ut
884 351 913 379 in
933 350 987 379 hac
1008 350 1134 379 secunda
1153 351 1230 379 vitae
1250 351 1411 381 Lucianeae
1432 358 1513 391 parte
1534 354 1625 392 primo
1645 354 1708 383 1000
1728 359 1910 384 numerentur
1932 356 2047 395 dialogi,

362 408 468 446 quibus
489 408 635 437 rhetorum
657 408 819 445 arrogantia
840 411 868 436 et
887 407 1015 442 stultitia,
1038 407 1344 446 grammaticorumque
1365 409 1563 438 molestissima
1581 420 1644 439 011111
1660 411 1725 440 fuco
1747 412 1897 450 conjuncta
1918 412 2047 442 doctrina

363 465 537 503 castigatur;
564 464 689 493 secundo
709 464 752 492 illi
771 464 846 499 libri,
871 464 974 502 quibus
995 463 1176 502 philosophia
1195 465 1270 493 serio
1292 469 1444 501 tractatur,
1475 466 1634 495 Rhetorum
1654 473 1869 506 praeceptorem
1890 468 1969 504 dico,
1996 469 2045 498 Ni-

360 521 489 559 grinum,
517 521 670 559 Cynicum,
692 531 777 558 quem
797 531 863 549 mox
883 520 1088 558 insequebatur
1106 520 1315 556 Hermotimus,
1335 521 1385 550 ubi
1407 522 1535 551 ridentur
1551 523 1669 561 jamjam
1689 525 1860 563 philosophi.
1900 525 2045 555 Lucianus

364 578 440 606 enim
460 582 493 606 ut
513 582 575 606 erat
594 577 709 615 ingenio
730 577 891 606 inconstans
913 581 942 606 et
963 577 1000 606 ad
1020 587 1066 605 res
1087 577 1214 615 graviter
1235 578 1414 613 tractandas,
1437 583 1465 607 et
1485 579 1522 607 ad
1543 580 1671 609 veritatis
1691 582 1814 619 vestigia
1835 582 1864 610 in
1884 586 1964 611 tanta
1983 583 2045 621 phi-

361 634 576 673 losophantium
597 634 789 672 discrepantia
809 634 993 669 invenienda,
1021 643 1122 672 parum
1149 638 1232 672 aptus
1254 639 1282 663 et
1304 635 1489 673 compositus,
1519 636 1559 664 ita
1586 636 1666 665 brevi
1694 643 1810 676 propter
1837 639 2045 668 sordidissimos

360 691 525 729 aequalium
546 691 783 729 philosophorum
803 700 909 725 mores,
939 691 988 728 qui
1009 695 1124 729 praeter
1143 690 1250 720 barbas
1271 691 1416 729 prolixas,
1438 691 1557 721 baculos
1580 698 1607 721 et
1628 703 1710 731 peras
1730 695 1770 723 nil
1790 695 1944 731 haberent,
1969 696 2046 725 unde

359 748 595 787 philosophorum
616 758 719 776 nomen
740 748 795 776 sibi
815 747 1002 783 vindicarent,
1023 747 1112 776 omnis
1125 748 1323 786 philosophiae
1344 748 1543 778 acerbissimus
1560 750 1667 779 exstitit
1687 751 1815 780 inimicus
1830 756 1915 790 atque
1937 753 2043 782 irrisor.

520 805 581 833 Nec
602 815 685 840 vero,
706 809 738 833 ut
759 804 920 833 scholarum
940 814 993 833 sua
1014 809 1106 833 aetate
1127 805 1287 834 florentium
1308 810 1337 834 et
1357 805 1571 844 disciplinarum
1592 811 1652 835 arte
1674 808 1797 845 quadam
1818 812 1847 837 et
1866 809 1915 837 via
1936 809 1973 838 ad
1995 819 2042 838 ve-

360 861 474 890 ritatem
494 861 651 900 perfectam
671 861 915 900 progredientium
936 865 997 889 erat
1019 866 1188 896 contemtor,
1210 862 1250 890 ita
1271 861 1407 898 fructum,
1435 863 1485 901 qui
1505 873 1542 891 ex
1563 864 1663 892 artium
1682 864 1842 894 liberalium
1862 866 2044 904 philosopho-

359 928 482 957 rumque
504 922 633 947 veterum
654 918 755 946 studiis
777 917 814 946 ad
834 917 1035 956 perpoliendos
1057 922 1085 946 et
1103 918 1275 947 excolendos
1295 919 1404 948 animos
1425 919 1587 948 redundare
1608 921 1705 958 possit,
1727 922 1901 960 negligebat.
1943 923 2044 958 Immo,

359 985 487 1004 summae
509 975 545 1003 ab
567 985 600 1003 eo
621 974 767 1003 veteribus
788 974 952 1003 tribuuntur
972 974 1087 1009 laudes,
1109 985 1161 1003 nec
1183 980 1263 1004 erant
1285 976 1416 1014 cuiquam
1438 986 1473 1005 ea
1493 976 1603 1011 studia,
1632 977 1733 1015 quibus
1755 978 1839 1007 hodie
1860 979 1898 1008 ad
1918 979 2045 1008 humani-

359 1036 448 1061 tatem
476 1031 643 1060 erudiuntur
669 1031 880 1066 adolescentes,
909 1030 1070 1069 antiquiora
1096 1036 1146 1060 aut
1167 1033 1285 1061 cariora.
1326 1033 1429 1072 Itaque
1456 1033 1564 1062 relictis
1584 1034 1816 1072 philosophorum
1837 1036 2044 1073 spinosioribus

359 1088 588 1127 quaestionibus,
618 1097 692 1126 quae
713 1088 890 1116 subtiliorem
916 1088 1059 1126 quandam
1081 1088 1278 1118 desiderarent
1299 1090 1450 1125 rationem,
1479 1100 1512 1119 ea
1532 1090 1626 1129 potius
1647 1091 1742 1129 legere
1764 1096 1791 1120 et
1812 1092 1937 1121 scribere
1957 1093 2044 1121 male-

358 1145 419 1180 bat,
442 1145 518 1173 unde
541 1145 577 1173 ad
598 1145 675 1173 vitae
697 1154 779 1173 usum
801 1144 966 1182 animosque
987 1145 1149 1183 aequalium
1171 1146 1218 1174 vel
1233 1147 1424 1176 emendandos
1435 1147 1484 1176 vel
1497 1147 1681 1176 delectandos
1697 1148 1805 1186 aliquid
1827 1148 1957 1178 efficeret.
1998 1150 2045 1178 Ita

361 1201 399 1230 de
420 1202 539 1230 historia
560 1201 764 1230 conscribenda
784 1201 911 1239 graviter
932 1211 996 1230 eum
1017 1201 1148 1230 audimus
1170 1202 1369 1241 disputantem,
1392 1204 1529 1242 imagines
1552 1209 1579 1233 et
1600 1214 1686 1243 opera
1710 1205 1846 1234 artificum
1867 1206 2044 1244 elegantissi-

359 1268 407 1287 me
429 1258 645 1293 describentem,
669 1261 697 1286 et
718 1267 792 1296 quae
812 1262 891 1286 recta
912 1262 940 1286 et
961 1259 1158 1287 convenientia
1179 1265 1273 1288 essent
1294 1260 1322 1288 in
1345 1261 1462 1296 artibus,
1484 1261 1585 1289 melius
1606 1267 1805 1300 perspexerat,
1828 1273 1915 1301 quam
1935 1264 2043 1294 Pausa-

357 1315 430 1343 nias.
472 1315 514 1343 At
535 1314 572 1343 ad
589 1315 687 1353 jocum
706 1314 798 1352 magis
820 1325 906 1352 quam
927 1314 964 1343 ad
985 1324 1030 1343 res
1053 1316 1142 1344 serias
1161 1326 1248 1354 quum
1261 1316 1404 1346 Lucianus
1425 1318 1575 1347 inclinaret
1594 1323 1704 1353 natura,
1727 1319 1762 1348 ad
1782 1320 1897 1349 satiram
1918 1320 2042 1349 scriben-

356 1372 434 1406 dam,
456 1381 541 1409 quam
561 1381 617 1399 non
638 1370 763 1399 scribere
785 1371 899 1399 difficile
920 1375 995 1400 esset
1016 1371 1074 1400 illis
1092 1373 1281 1411 temporibus,
1303 1374 1378 1402 ultro
1397 1374 1563 1410 ducebatur,
1586 1385 1649 1403 cum
1666 1375 1726 1413 jam
1747 1380 1844 1411 antea,
1864 1381 1897 1405 ut
1917 1377 2039 1412 videtur,

356 1428 497 1457 edidisset
518 1437 555 1456 ex
576 1427 745 1463 fabularum,
768 1437 840 1465 quas
861 1433 973 1463 vocant,
994 1428 1172 1458 Milesiarum
1193 1439 1299 1467 genere
1321 1431 1433 1460 ludicra
1455 1432 1596 1470 quaedam
1617 1432 1749 1467 literaria,
1772 1443 1892 1471 quorum
1913 1435 2042 1472 volupta-

356 1485 401 1513 ria
420 1484 541 1513 lectione
563 1484 725 1522 aequalium
747 1484 939 1513 delenirentur
960 1494 1069 1520 senSUS,
1090 1486 1169 1524 quod
1190 1487 1281 1516 voluit
1303 1488 1418 1526 assequi
1438 1488 1528 1523 libris,
1551 1489 1600 1527 qui
1618 1489 1806 1518 inscribuntur
1819 1490 1926 1519 Lucius
1945 1501 1967 1520 s.
1989 1492 2042 1520 asi-

356 1551 420 1576 nus,
441 1541 564 1570 Amores
587 1546 614 1570 et
628 1541 724 1569 verae
745 1541 889 1570 historiae.
930 1541 1007 1570 Num
1027 1552 1096 1570 vero
1110 1543 1262 1579 Lucianus,
1286 1545 1335 1582 qui
1356 1545 1430 1573 inter
1450 1546 1552 1574 satiras
1574 1546 1709 1575 notissimi
1730 1552 1802 1582 sunt,
1824 1548 1953 1586 dialogos
1967 1548 2041 1576 Deo-

354 1608 419 1627 rum
441 1602 468 1627 et
488 1602 664 1626 mortuorum
682 1598 834 1626 Antoninis
855 1598 1061 1636 imperantibus
1083 1609 1135 1628 suo
1156 1601 1269 1629 nomine
1291 1601 1426 1640 inscripto
1448 1602 1477 1630 in
1497 1603 1602 1641 vulgus
1625 1604 1758 1639 emiserit,
1780 1614 1830 1632 nos
1852 1605 1938 1633 valde
1961 1604 2041 1633 dubi-

357 1659 466 1691 tamus3
495 1665 577 1683 nemo
599 1655 673 1683 enim
692 1655 798 1690 nescit,
821 1661 944 1693 quantus
965 1656 1054 1685 honos
1076 1656 1112 1685 ab
1134 1657 1195 1686 istis
1215 1658 1433 1696 imperatoribus
1455 1659 1578 1688 tributus
1599 1660 1636 1689 sit
1655 1661 1792 1696 oraculis,
1813 1662 1957 1699 mysteriis
1977 1661 2041 1690 reli-

355 1711 478 1750 quisque
498 1711 675 1741 Graecorum
696 1712 958 1750 superstitionibus,
980 1712 1163 1751 Deorumque
1186 1714 1314 1743 irrisores
1334 1715 1428 1744 Roma
1448 1726 1535 1755 saepe
1556 1717 1662 1755 pulsos.

515 1768 560 1797 Ita
581 1779 645 1797 cum
666 1768 809 1797 Lucianus
830 1779 883 1807 per
903 1769 1098 1807 longissimam
1117 1780 1254 1799 annorum
1275 1772 1392 1807 seriem,
1420 1773 1490 1811 quid
1510 1774 1635 1802 studium
1657 1779 1683 1802 et
1704 1774 1828 1811 benigna
1848 1784 1923 1802 vena
1943 1775 2040 1812 ingeni

355 1829 468 1862 posset,
490 1825 595 1854 libellis
617 1826 675 1854 suis
696 1827 882 1862 ostendisset,
911 1827 1129 1865 ingravescente
1150 1828 1299 1866 paullatim
1321 1833 1414 1858 aetate
1434 1831 1511 1858 vitae
1532 1831 1675 1859 literariae
1695 1841 1785 1869 genus
1806 1841 1869 1859 cum
1890 1831 1946 1860 alio
1967 1841 2040 1860 com-

354 1886 466 1909 mutare
484 1886 598 1910 coactus
617 1886 667 1910 est.
710 1882 913 1912 Canescentem
935 1884 1022 1922 igitur
1035 1884 1166 1913 videmus
1189 1885 1398 1923 quodammodo
1420 1891 1447 1915 et
1462 1887 1668 1925 languidiorem
1684 1888 1742 1925 ejus
1758 1887 1920 1922 orationem,
1943 1898 2040 1926 quam—

353 1938 398 1966 vis
419 1938 480 1976 ipse
503 1938 585 1966 aliter
607 1938 643 1966 de
659 1949 690 1967 se
707 1939 890 1977 judicaverit.
932 1941 966 1968 In
979 1941 1096 1969 Baccho
1119 1942 1193 1970 enim
1214 1943 1253 1980 (6.
1269 1944 1298 1980 7)
1321 1953 1409 1972 senex
1429 1944 1565 1973 ridiculas
1582 1945 1618 1973 de
1635 1954 1665 1973 50
1681 1954 1726 1972 res
1746 1949 1851 1980 narrat,
1872 1945 1901 1972 111
1913 1945 2040 1973 Hercule

353 1999 448 2023 autem
471 1996 510 2034 (7.
525 1995 556 2033 S)
578 1995 646 2024 licet
667 1995 799 2034 effugerit
820 1997 946 2035 eorporis
968 1997 1062 2033 robur,
1085 1998 1224 2033 celeritas,
1244 1999 1417 2038 pulcritudo,
1439 2001 1553 2030 dicendi
1574 2002 1683 2040 copiam
1699 2011 1773 2029 nunc
1789 2001 1903 2030 demum
1924 2001 1961 2029 ad
1981 2011 2039 2030 ma-

354 2051 500 2079 turitatem
520 2052 686 2090 pervenisse
708 2052 840 2088 affirmat,
868 2063 921 2082 nec
942 2064 1063 2083 vacuam
1090 2064 1152 2083 esse
1179 2056 1343 2094 pharetram
1363 2058 1490 2096 sagittis,
1519 2058 1623 2096 quibus
1644 2058 1786 2086 hominum
1807 2058 1892 2086 animi
1913 2058 2040 2087 suaviter

353 2108 499 2137 feriantur.
541 2109 581 2137 At
602 2109 702 2137 minori
718 2110 780 2148 jam
801 2120 889 2148 quum
910 2110 947 2138 ab
969 2111 1137 2149 aequalibus
1159 2113 1339 2151 exciperetur
1359 2114 1471 2152 plausu,
1494 2125 1529 2143 ne
1546 2119 1656 2153 turpem
1675 2115 1793 2152 degeret
1812 2119 1964 2150 senectam,
1986 2125 2039 2143 nec

353 2164 465 2193 cithara
486 2170 643 2200 carentem,
671 2166 700 2194 iu
719 2166 887 2205 Aegyptum
907 2167 1050 2205 profectus
1073 2173 1115 2197 est
1136 2179 1239 2205 senex,
1261 2170 1310 2199 ubi
1330 2181 1432 2200 munus
1452 2171 1634 2200 honorificum
1657 2175 1684 2199 et
1706 2176 1909 2209 quaestuosum
1931 2172 2039 2211 (πολυ-

353 2217 506 2255 τάλαντος
518 2219 648 2260 μισθᾶς)
669 2222 724 2251 sibi
739 2233 756 2251 a
770 2233 839 2261 rege
862 2223 990 2263 (Severo,
1014 2229 1046 2253 ut
1060 2226 1157 2254 multis
1172 2226 1280 2265 placet)
1303 2227 1430 2257 delatum
1446 2229 1579 2266 suscepit.
1621 2228 1802 2257 Praefectum
1820 2228 1894 2257 enim
1907 2229 2038 2267 Aegypti

354 2277 384 2306 in
405 2278 498 2306 causis
515 2278 689 2317 judiciisque
710 2280 844 2318 regendis
861 2281 1049 2319 judicumque
1069 2283 1214 2312 sententiis
1235 2283 1264 2312 in
1280 2284 1394 2314 tabulas
1410 2285 1540 2323 publicas
1557 2284 1712 2314 referendis
1726 2284 1764 2322 ²3)
1785 2285 2039 2324 promulgandisve

426 2413 470 2445 23)
489 2413 605 2437 Jacobus
624 2414 651 2437 in
669 2414 724 2438 vita
734 2413 841 2438 Luciani
860 2415 877 2438 l.
897 2414 914 2439 l.
933 2423 991 2447 pag.
1004 2419 1046 2443 42.
1066 2416 1132 2441 falso
1151 2417 1227 2442 dicit:
1248 2417 1347 2442 Lucian
1365 2426 1417 2442 war
1429 2417 1679 2442 Gerichtsschreiber
1697 2418 1758 2443 oder
1774 2419 1885 2444 Gehiflfe
1905 2419 1950 2444 des
1969 2419 2038 2443 stad—

494 2462 595 2486 tisehen
611 2463 749 2493 Beamten3
775 2471 804 2487 ea
823 2464 898 2493 enim,
917 2471 982 2496 quae
1008 2465 1039 2489 de
1062 2473 1166 2490 munere
1184 2466 1288 2498 publico
1307 2467 1436 2491 Lucienus
1456 2467 1534 2497 dixit,
1560 2475 1617 2491 cnm
1634 2467 1754 2492 videntur
1771 2468 1884 2493 indicare
1903 2468 2037 2500 magistra-

494 2513 561 2542 tum,
581 2519 656 2543 quem
674 2511 750 2536 hodie
769 2520 891 2537 vocamus
909 2518 1034 2538 rectorem
1052 2515 1106 2539 sive
1123 2515 1268 2547 praesidem
1287 2516 1391 2549 colleg-ii
1407 2515 1540 2548 judicialis
1558 2516 1811 2550 (Kanzleidirektor).

1718 2573 1736 2600 2
