2280 2777
1100 133 1325 167 -5-

529 237 613 274 Quod
636 236 898 270 Schleicrmachcri,
919 236 1003 271 Astii,
1026 235 1057 264 C.
1076 235 1108 263 F.
1129 235 1301 263 Heri-manni
1323 234 1471 273 diligentia
1492 235 1520 262 in
1541 234 1670 262 Platonis
1692 233 1823 262 effectum
1844 235 1887 260 est
1907 231 2052 270 operibus,

370 299 402 325 ut
423 295 662 324 continuationem
691 293 833 331 quandam
855 293 1014 330 seriemque
1035 291 1208 326 invenirent,
1238 301 1295 329 qua
1323 291 1370 319 alii
1397 301 1433 319 cx
1461 291 1523 319 aliis
1544 291 1611 318 nexi
1632 290 1738 328 dialogi
1759 294 1787 318 et
1809 298 1906 317 omnes
1927 288 2001 316 inter
2020 297 2052 317 so

371 352 430 390 apti
452 351 634 389 colligatique
656 350 835 384 viderentur,
865 350 894 378 id
916 350 944 377 in
963 349 1083 377 Platone
1110 348 1221 376 facilius
1250 352 1368 385 potuere
1398 348 1525 385 assequi,
1556 347 1633 385 quod
1662 346 1862 384 augustissima
1891 345 1952 383 ejus
1972 353 2053 372 mens

371 408 509 446 gradibus
532 407 633 435 aetatis
655 407 736 444 quasi
759 406 935 440 adolescens,
958 405 1074 434 Socrate
1093 409 1203 433 mortuo
1225 404 1456 442 philosophorum
1471 404 1662 432 Eleaticorum
1684 408 1712 431 et
1728 403 1975 440 Pythagoreorum
1997 400 2053 429 dis-

372 465 484 503 ciplinis
506 464 614 492 imbuta
636 463 672 491 ad
695 463 886 491 maturitatem
913 472 964 491 suo
993 462 1073 500 quasi
1102 461 1201 489 itinere
1223 461 1362 499 pervenit.
1404 460 1485 488 Idem
1506 471 1573 488 num
1594 461 1622 488 in
1644 459 1790 488 Plutarchi
1817 458 1972 496 nonaginta
1992 457 2052 485 fere

371 521 452 549 libris
478 521 513 549 de
536 520 715 558 philosophia
740 520 839 548 morali
867 520 979 557 scriptis
1008 519 1067 547 fieri
1089 518 1193 556 possit,
1222 517 1345 545 viderint
1367 517 1423 545 alii.
1466 517 1498 545 ln
1520 517 1645 545 Luciano
1669 515 1781 544 difficile
1802 520 1845 544 est
1865 515 1902 543 ad
1924 514 2053 543 ordinem

373 577 515 615 quendam
537 586 671 605 revocare
694 576 795 611 libros,
824 577 891 614 quia
914 576 1009 604 varius
1031 576 1091 613 ejus
1113 575 1221 603 animus
1250 578 1278 602 et
1298 584 1350 612 per
1371 583 1480 601 omnem
1507 573 1594 601 vitam
1615 573 1776 601 inconstans
1798 571 2053 600 diversissimarum

373 644 467 662 rerum
488 634 589 662 studiis
611 643 641 661 sc
664 633 761 661 dabat.
803 633 843 661 Ut
864 633 997 670 sophistis
1019 632 1119 660 aetatis
1141 631 1216 659 illius
1239 635 1299 658 erat
1320 630 1479 668 proprium,
1509 629 1605 657 orbem
1633 630 1713 667 quasi
1735 629 1876 666 quendam
1898 628 2000 656 artium
2020 628 2053 655 li-

371 695 553 727 terarumque
576 690 725 727 complecti
752 694 779 717 et
808 690 843 717 dc
871 689 949 717 nulla
975 699 1004 717 rc
1025 698 1080 716 non
1102 689 1174 716 scire
1196 688 1310 726 copiose
1333 691 1360 715 et
1383 687 1530 724 eleganter
1551 685 1711 723 disputare,
1742 686 1781 713 ita
1803 685 1945 713 Lucianus
1967 684 2052 713 etiam

372 747 557 785 plurimarum
578 756 673 775 rerum
694 746 839 775 scientiam
862 745 1129 784 comprehendebat.
1170 745 1272 782 Itaque
1294 744 1342 781 (1111
1364 744 1485 781 1)1·111111111
1507 743 1533 770 111
1557 742 1674 770 Luciaui
1695 742 1774 770 libris
1797 741 1974 779 explicandis
1996 741 2053 769 ela-

372 804 511 832 boravere
533 804 587 831 viri
609 804 692 837 docti,
715 803 795 831 multi
817 807 882 831 sunt
904 803 931 830 111
952 802 1097 830 laudanda
1118 803 1178 839 ejus
1200 801 1337 835 doctrina,
1360 810 1413 828 nec
1435 804 1477 827 est
1494 799 1583 827 ullum
1605 799 1737 827 scientiae
1759 808 1857 836 genus,
1880 799 1909 826 in
1929 807 1985 836 quo
2005 797 2055 825 ille

373 871 429 888 non
450 861 570 888 eximius
593 861 679 888 fuisse
702 860 820 888 dicatur.
864 859 934 887 Risu
957 868 1024 886 sane
1046 858 1231 896 excipiendus
1254 858 1435 895 Zwingerus,
1460 857 1524 894 qui,
1549 866 1610 883 cum
1633 855 1787 883 Lucianum
1808 859 1839 883 ut
1859 864 1945 883 verae
1966 854 2053 882 virtu-

373 918 409 945 tis
430 917 577 955 exemplar
596 921 792 955 proposuerat,
815 916 894 944 illum
909 920 1058 953 praeterea
1075 915 1161 943 fnisse
1182 915 1355 943 demonstret
1368 914 1499 951 logicum,
1522 915 1643 950 poetam,
1665 913 1814 947 rhetorem,
1835 911 2054 945 oeconomicum,

373 974 522 1006 medicum,
546 974 759 1011 philosophum,
782 972 941 1010 politicum,
963 972 1137 1010 organicum.
1179 972 1228 1000 Ad
1251 971 1371 999 ethicam
1394 971 1501 998 scilicet
1522 969 1619 997 referri
1642 969 1702 997 vult
1724 968 1901 1006 disciplinam
1922 968 2055 1005 dialogos

373 1031 494 1059 Luciani
514 1030 697 1063 meretricios,
719 1029 899 1057 oeconomica
921 1032 1015 1056 antem
1036 1029 1164 1065 tetigisse
1186 1038 1248 1056 eum
1270 1031 1352 1066 putat
1372 1028 1401 1055 in
1421 1026 1605 1064 Imaginibus,
1627 1025 1674 1053 ubi
1696 1025 1843 1053 mulierum
1865 1025 1984 1053 virtutes
2006 1025 2054 1052 de-

373 1087 528 1125 scripserit.
571 1086 666 1114 Nihilo
688 1086 792 1114 rectius
810 1085 1012 1114 Bourdclotius
1029 1084 1074 1123 ¹4),
1098 1086 1147 1122 qui
1168 1085 1280 1113 unicum
1302 1085 1414 1113 virtutis
1436 1083 1583 1121 praedicat
1604 1082 1760 1110 Lucianum
1780 1081 1961 1119 magistrum;
1986 1091 2055 1119 quo-

374 1154 436 1172 rum
458 1144 532 1172 enim
553 1144 613 1172 vita
634 1144 736 1171 inertia
756 1143 931 1180 languescat,
956 1152 1053 1170 eorum
1071 1142 1177 1170 animos
1195 1142 1223 1169 in
1242 1141 1374 1179 pecudes,
1397 1141 1489 1169 asinos
1511 1139 1639 1173 transire,
1660 1138 1815 1166 Lucianum
1836 1138 1864 1166 in
1882 1138 1970 1166 Lucio
1992 1138 2054 1166 sive

375 1201 453 1229 asino
475 1201 513 1229 ait
535 1200 752 1228 demonstrasse.
796 1199 876 1235 Quae
898 1199 1028 1236 quamvis
1049 1199 1105 1227 sint
1127 1199 1264 1233 absurda,
1295 1208 1328 1226 ea
1349 1202 1443 1226 tamen
1466 1197 1501 1224 de
1523 1206 1608 1224 causa
1630 1195 1706 1223 haud
1728 1194 1881 1223 absurdum
1901 1194 2056 1224 videbatur

375 1257 519 1295 proferre,
548 1257 625 1294 quod
647 1257 731 1285 etiam
752 1266 825 1284 nunc
848 1260 927 1290 sunt,
958 1256 1006 1293 qui
1027 1255 1145 1284 Luciani
1172 1255 1262 1283 libros
1283 1255 1417 1283 materiae
1438 1253 1627 1292 potissimum,
1655 1252 1682 1279 in
1704 1261 1759 1289 qua
1780 1255 1929 1279 versentur
1950 1251 2057 1289 singuli

374 1314 474 1349 libelli,
497 1313 596 1342 habita
617 1314 725 1341 ratione
747 1312 938 1350 disponendos
960 1312 1142 1341 arbitrantur.
1184 1312 1225 1340 At
1247 1312 1368 1340 haberes
1390 1311 1430 1339 ita
1450 1314 1491 1339 tot
1512 1310 1570 1338 fere
1592 1318 1698 1347 genera
1719 1308 1864 1343 librorum,
1887 1311 1956 1346 quot
1974 1307 2056 1336 libel-

375 1370 433 1405 los,
458 1371 590 1408 quoniam
612 1370 718 1398 infinito
741 1369 821 1407 qnasi
843 1369 935 1407 spatio
958 1378 1111 1397 excurrens
1132 1369 1159 1397 in
1181 1369 1382 1406 qualicumque
1403 1367 1522 1396 materia
1542 1370 1673 1394 versatur
1692 1365 1810 1393 Luciani
1832 1365 1928 1393 satira.
1968 1364 2057 1393 Adde

375 1427 453 1464 quod
476 1427 670 1455 amoenissimo
692 1426 798 1460 omnia,
828 1430 858 1454 ut
880 1426 907 1453 in
928 1426 1009 1454 lance
1031 1430 1142 1461 satura,
1170 1426 1312 1454 Lucianus
1338 1424 1483 1453 miscendo
1511 1424 1539 1452 in
1560 1433 1616 1452 uno
1638 1422 1793 1460 eodemque
1813 1421 1912 1450 libello
1932 1421 2058 1460 philoso—

374 1484 454 1522 phos,
476 1484 612 1517 rhetores,
634 1486 744 1521 poetas,
766 1483 845 1511 Deos
867 1498 906 1502 —
928 1487 959 1511 ut
975 1483 1074 1520 paucis
1095 1499 1135 1502 —
1156 1483 1278 1511 humana
1296 1492 1328 1511 ac
1345 1481 1442 1510 divina
1457 1481 1550 1509 omnia
1566 1480 1696 1509 defricuit
1716 1481 1775 1509 sale
1797 1479 1895 1508 multo.
1936 1478 1971 1506 In
1993 1478 2057 1507 aliis

374 1541 500 1569 oratione
522 1540 672 1578 magnifica
693 1544 721 1568 et
743 1540 778 1568 ad
800 1539 1015 1568 ostentationem
1038 1543 1201 1578 comparata
1229 1539 1335 1567 animos
1357 1538 1500 1566 hominum
1521 1537 1576 1566 sibi
1598 1537 1742 1573 conciliat,
1770 1540 1801 1565 ut
1827 1537 1856 1564 in
1877 1535 1976 1564 decem
1996 1534 2056 1563 fere

375 1606 446 1635 quas
468 1597 581 1635 scripsit
602 1593 800 1637 προςλαλιᾶς,
824 1606 898 1634 quae
920 1600 985 1624 sunt
1007 1606 1043 1624 cx
1064 1605 1169 1634 genere
1190 1596 1324 1624 orationis
1346 1595 1581 1630 dcmonstrativo3
1608 1604 1674 1629 nec,
1697 1603 1770 1632 quae
1792 1593 1922 1631 adjecere
1943 1594 2057 1620 veteres

374 1654 439 1682 huic
461 1654 559 1691 generi
576 1653 714 1691 judiciale
737 1657 764 1680 et
785 1653 1018 1687 deliberativum,
1048 1652 1150 1681 desunt
1178 1653 1206 1681 in
1227 1652 1345 1681 Luciani
1371 1652 1463 1687 libris,
1493 1652 1600 1689 quippe
1623 1651 1671 1689 qui
1691 1656 1722 1680 ut
1742 1651 1837 1678 rhetor
1859 1653 1887 1677 et
1908 1658 2058 1678 causarum

376 1715 455 1739 actor
476 1711 591 1739 libellos
613 1710 819 1748 conscripserit,
842 1710 890 1748 qui
912 1710 1087 1738 discentibus
1109 1709 1145 1738 ad
1165 1709 1348 1738 imitationem
1369 1713 1397 1737 et
1412 1709 1627 1737 aemulationem
1649 1707 1729 1746 quasi
1743 1709 1981 1745 proponerentur3
2003 1714 2057 1733 nec

374 1767 583 1805 philosophiam
612 1772 661 1795 aut
688 1767 833 1795 historiam
855 1766 1032 1804 neglexerat.
1074 1766 1165 1794 Vides
1187 1767 1273 1803 igitur
1302 1766 1330 1794 in
1351 1770 1431 1794 tanta
1451 1775 1545 1794 rerum
1565 1765 1687 1793 omnium
1708 1763 1849 1801 farragine
1872 1763 1948 1791 viam
1969 1771 2058 1799 quan-

377 1823 442 1852 dam
465 1834 497 1852 ac
519 1824 671 1858 rationem,
694 1823 730 1852 ad
752 1833 823 1861 quas
845 1828 938 1852 certus
959 1823 1120 1851 libellorum
1141 1823 1249 1851 institui
1269 1823 1359 1861 possit
1380 1823 1466 1858 ordo,
1488 1832 1627 1860 nusquam
1650 1829 1796 1859 apparere.

536 1880 587 1908 Sin
608 1890 675 1908 vero
688 1882 819 1916 formam
840 1880 934 1918 potius
956 1879 1143 1917 dictionisque
1161 1890 1260 1918 genus,
1283 1879 1359 1918 quod
1376 1880 1405 1908 in
1426 1879 1531 1908 libellis
1549 1883 1661 1907 secutus
1679 1878 1714 1906 sit
1727 1877 1879 1911 Lucianus,
1900 1874 2057 1913 spectanda

377 1946 439 1965 esse
457 1937 641 1974 judicaveris,
663 1937 733 1965 alios
755 1937 923 1971 fabularum,
946 1946 1019 1975 quae
1041 1937 1076 1965 ab
1098 1936 1280 1965 histrionibus
1301 1937 1329 1965 in
1350 1946 1436 1965 scena
1457 1939 1587 1975 aguntur,
1610 1935 1637 1963 in
1658 1943 1763 1962 morem
1785 1932 1955 1970 compositos
1975 1940 2057 1969 repe-

376 1994 447 2027 ries,
476 1993 546 2021 alios
569 1993 751 2031 epistolarum
773 1994 810 2022 ad
831 1994 937 2022 amicos
965 1993 1095 2022 datarum
1116 1993 1162 2021 vel
1185 1993 1447 2022 commentariorum
1468 1993 1628 2022 continente
1649 1999 1777 2020 sermone
1798 1989 1958 2027 explicatos
1978 1987 2057 2016 vide-

377 2050 430 2078 bis.
473 2050 553 2087 Quae
575 2060 643 2078 vero
665 2050 795 2088 pluribus
809 2050 878 2079 locis
892 2050 1035 2079 Lucianus
1049 2049 1086 2088 ¹⁵)
1110 2050 1146 2078 de
1168 2050 1273 2088 dialogi
1291 2050 1388 2085 forma,
1412 2050 1526 2088 qualem
1545 2049 1605 2087 ipse
1619 2048 1767 2077 Platonem
1789 2056 1853 2075 cum
1864 2045 2058 2083 Aristophane

378 2107 577 2145 conjungendo
599 2107 751 2142 invenerit,
781 2107 867 2142 dixit,
896 2111 1062 2145 argumento
1084 2107 1198 2145 quidem
1219 2111 1297 2143 sunt,
1319 2117 1404 2145 quam
1425 2107 1522 2145 gravis
1548 2106 1584 2134 sit
1604 2105 1631 2133 111
1653 2103 1817 2133 ordinandis
1837 2102 1956 2131 Luciani
1976 2101 2059 2130 libris

378 2163 484 2192 formae
507 2168 535 2192 et
556 2164 692 2192 sermonis
713 2164 918 2199 consideratio,
941 2168 971 2192 at
991 2164 1105 2202 scripsit
1126 2168 1154 2192 et
1174 2168 1274 2202 postea
1295 2164 1409 2193 libellos
1430 2166 1537 2192 mutato
1558 2161 1694 2191 sermonis
1715 2169 1832 2198 genere,
1853 2163 1885 2188 ut
1905 2158 2061 2197 scripserat

379 2220 511 2258 dialogos
538 2220 646 2249 facetos
673 2224 701 2249 ct
722 2220 921 2258 Aristophanis
943 2220 1092 2249 lectionem
1112 2220 1273 2250 redolentes
1295 2225 1387 2250 antea.
1429 2220 1475 2249 Ita
1496 2230 1559 2248 cum
1579 2227 1672 2256 neque
1693 2227 1729 2246 ex
1750 2217 1853 2252 forma,
1883 2225 1941 2254 qua
1960 2215 2060 2253 scripti

378 2281 446 2306 sunt
467 2277 584 2315 dialogi,
606 2286 699 2315 neque
722 2286 758 2306 ex
779 2277 905 2312 materia,
927 2278 955 2306 in
971 2287 1028 2316 qua
1044 2282 1201 2313 versantur,
1223 2282 1331 2306 certum
1352 2276 1461 2315 aliquid
1482 2276 1626 2311 efficiatur,
1647 2274 1723 2303 unde
1743 2274 1796 2302 rite
1818 2272 1929 2311 disponi
1950 2272 2060 2311 possint

379 2333 482 2368 libelli,
505 2338 647 2372 superest,
667 2338 699 2363 ut
720 2343 755 2362 cx
777 2339 935 2372 temporum
955 2335 1155 2373 hominumque
1177 2334 1366 2373 descriptione
1388 2338 1416 2363 et
1437 2343 1474 2362 ex
1494 2333 1536 2368 iis,
1558 2341 1632 2371 quae
1653 2331 1796 2361 Lucianus
1817 2329 1853 2359 de
1874 2339 1905 2359 se
1926 2329 1999 2368 ipso,
2020 2328 2057 2357 de

451 2459 501 2490 14)
520 2459 553 2482 cs.
572 2458 611 2483 ed.
631 2459 732 2492 Bipont.
751 2460 770 2483 Ι.
788 2460 912 2492 praefatio
931 2468 955 2492 p.
976 2463 1000 2488 7.
1020 2464 1051 2488 12
1069 2468 1103 2485 ss.
1124 2463 1164 2487 17.

451 2508 501 2539 15)
519 2507 592 2532 Conf.
612 2508 652 2534 bis
671 2517 755 2534 accus.
776 2514 817 2537 33.
837 2512 878 2537 54.
916 2508 1044 2534 Prometh.
1063 2509 1090 2533 in
1108 2509 1179 2534 verb.
1198 2513 1221 2537 7.
1241 2513 1266 2536 3.
1285 2513 1310 2536 5.
