2280 2777
1065 138 1320 173 -33-

342 243 394 282 qui
415 242 538 271 oraculis
559 241 643 269 fidem
670 240 826 275 haberent3
859 239 911 268 sed
940 238 1058 277 publica
1089 243 1184 273 erant,
1217 248 1273 266 non
1294 238 1409 276 privata
1420 237 1477 276 82);
1509 247 1562 266 nec
1589 245 1722 265 nummos
1742 244 1759 263 a
1780 234 1900 272 privatis
1922 244 2043 263 excusos

346 299 510 328 invenimus
521 297 569 335 ⁶³),
602 297 656 325 nisi
678 297 702 325 si
723 296 844 333 singulis
859 295 993 334 gentibus
1016 294 1153 322 Romanis
1174 294 1198 322 is
1220 294 1311 322 honor
1333 294 1548 322 concederetur.
1592 293 1673 330 Quae
1696 302 1767 320 vero
1788 290 1913 330 myteria
1933 300 1950 318 ο
1964 300 2042 318 ceur-

344 360 412 384 runt
433 354 588 393 (58-40.)
612 363 629 381 a
649 352 781 391 patribus
805 351 1008 380 ecclesiasticis
1031 350 1117 378 etiam
1138 354 1311 385 memorata,
1334 351 1370 378 ab
1390 350 1552 378 hominibus
1573 350 1694 387 privatis
1715 353 1796 378 tanto
1818 357 1882 377 cum
1905 350 2046 384 apparatu

345 411 494 440 celebrata
514 419 577 437 esse
598 419 682 437 nemo
705 408 868 437 crediderit.
907 407 993 436 Adde
1011 406 1090 444 quod
1112 405 1359 444 petulantissimus
1380 406 1524 434 Luc-ianus
1546 406 1737 444 ineptissimos
1758 414 1860 433 versus
1876 402 2046 431 Alexandro

346 467 461 501 tribuit,
483 475 555 504 quos
576 466 670 503 ipsum
681 465 783 493 fecisse
800 473 898 492 omnes
919 463 1093 501 intelligunt,
1113 479 1153 484 —
1175 462 1254 500 quod
1275 472 1290 490 a
1305 471 1334 490 se
1349 461 1512 490 Alexandri
1527 472 1641 490 manum
1655 461 1905 490 vehementissime
1918 468 2043 487 morsam

347 532 412 552 esse
433 527 530 550 narrat
552 521 645 560 (55.),
679 520 756 558 quod
779 520 814 548 de
838 520 995 548 Severiano
1018 519 1091 558 (27.)
1122 524 1150 547 et
1171 518 1322 556 Othryade
1344 517 1467 555 falsam)
1495 523 1526 546 ut
1546 519 1675 553 videtur,
1697 518 1816 556 profert.
1859 515 2045 545 Sacerdotem

347 580 434 608 etiam
454 578 621 607 vaticinium
642 576 803 605 Alexandri
827 575 1061 604 absurdissimum
1085 575 1158 613 (43.)
1181 575 1275 603 aureis
1296 574 1387 602 literis
1409 583 1576 611 expressum
1600 574 1677 602 domi
1700 583 1848 608 servasse,
1881 581 1964 600 nemo
1984 580 2042 599 cre-

348 636 463 665 diderit.
507 634 588 671 Quae
610 634 705 662 omnia
728 634 781 661 rite
801 632 992 670 perpendenti
1014 631 1168 660 verisimile
1190 630 1350 664 videbitur,
1385 630 1542 658 Lucianuin
1569 630 1633 658 illas
1654 640 1699 659 res
1721 640 1772 658 suo
1794 629 1908 667 ingenio
1931 637 1995 655 eum
2015 626 2046 654 in

348 691 433 720 finem
452 691 610 725 invenisse,
638 695 668 718 ut
690 700 747 718 una
768 689 891 726 imagine
913 688 1062 726 proposita.
1084 687 1301 725 superstitiones
1323 686 1467 714 hominum
1488 686 1597 714 artibus
1616 687 1735 724 magicis
1757 685 1940 722 oraculisque
1959 683 2046 711 fidem

348 748 517 776 habentium
539 746 665 775 ludibrio
689 750 857 783 exponeret.
900 745 935 772 Id
957 744 1072 782 quidem
1095 748 1204 772 certum
1227 748 1287 777 est,
1309 742 1466 777 neminem,
1489 742 1539 780 qui
1559 752 1629 770 sana
1649 747 1746 771 utatur
1762 742 1886 775 ratione,
1909 740 2047 769 unit-ersis·

347 804 436 833 rebus
458 814 475 832 a
495 803 623 831 Luciano
645 802 768 830 narratis
796 801 880 829 fidem
909 800 1017 828 habere
1046 809 1146 838 posse3
1177 809 1266 837 quare
1291 798 1402 827 etiamsi
1430 798 1527 835 aliqua
1553 808 1588 826 ex
1616 803 1697 836 parte
1712 798 1749 836 ὓ5)
1776 807 1847 826 vera
1869 797 1939 831 sint,
1971 804 2047 833 quae

347 861 479 889 narravit
499 859 660 893 Lucianus,
682 858 733 886 ubi
754 857 781 885 in
806 858 897 891 veris,
918 857 969 885 ubi
990 857 1019 884 in
1040 857 1112 884 fictis
1134 860 1265 884 versetur
1286 855 1372 883 rebus
1394 854 1536 889 narratio,
1559 864 1641 882 nemo
1663 855 1745 882 facile
1763 853 1947 892 judicaverit.
1990 851 2047 879 Lu-

349 917 463 946 cianum
485 921 579 944 autem
601 915 677 943 idem
699 913 816 948 fecisse,
851 913 929 951 quod
953 913 1127 941 recentiores
1158 912 1328 950 scriptores,
1363 911 1412 948 qui
1440 911 1610 939 narrationis
1637 911 1789 938 historicae
1817 909 1942 948 speciem
1965 907 2045 936 adhi-

348 973 452 1002 bentes
473 973 502 1000 in
523 971 682 1010 legentium
704 970 925 997 delectationem
954 979 1000 997 res
1029 969 1110 997 fictas
1140 978 1173 996 ac
1201 968 1348 997 fabulosas
1370 967 1537 1005 proferunt,
1571 976 1654 995 nemo
1675 967 1806 1000 miretur,
1842 966 1892 1003 qui
1913 974 2047 994 verarum

347 1026 530 1055 historiarum
559 1033 704 1055 auctorem
727 1035 789 1054 esse
810 1025 969 1054 Lucianum
990 1025 1158 1053 meminerit.
1180 1041 1220 1044 —
1243 1024 1335 1052 Simili
1355 1024 1466 1052 ratione
1487 1024 1683 1057 Denzonactis‚
1706 1022 1869 1060 philosophi
1890 1021 2047 1050 Athenien-

348 1083 404 1118 sis,
439 1082 575 1111 diuturna
594 1082 788 1111 familiaritate
811 1083 846 1120 (c.
863 1082 922 1119 11.)
944 1081 999 1110 sibi
1020 1081 1163 1119 conjuncti
1184 1081 1286 1115 vitam,
1317 1089 1427 1114 mores,
1454 1079 1614 1117 ingenium,
1642 1084 1761 1107 mortem
1781 1079 1822 1107 ita
1841 1078 1971 1106 narravit
1990 1077 2047 1105 Lu-

353 1139 466 1174 cianus,
500 1144 532 1168 ut
559 1139 708 1177 exemplar
731 1148 818 1166 verae
847 1138 1018 1176 prudentiae
1047 1142 1076 1166 et
1103 1137 1263 1175 sapientiae
1293 1136 1463 1174 aequalibus
1490 1139 1663 1173 proponeret
1691 1136 1753 1174 (2.).
1795 1134 1952 1162 Adduntur
1978 1132 2047 1161 Plu-

352 1196 447 1224 tarchi
468 1205 545 1224 more
568 1196 659 1224 facete
682 1200 709 1223 et
726 1194 836 1223 urbane
859 1195 894 1222 ab
918 1204 950 1223 eo
973 1195 1064 1230 dicta,
1093 1195 1352 1231 deseribunturque
1374 1193 1496 1220 honores
1514 1196 1625 1220 mortuo
1647 1192 1673 1219 ei
1695 1192 1730 1219 ab
1752 1190 1978 1219 Atheniensibus
1998 1189 2048 1217 ha-

349 1253 412 1281 biti.
455 1252 501 1280 De
523 1262 579 1290 quo
600 1252 714 1286 libello,
736 1251 802 1279 ficta
825 1260 887 1279 csse
908 1252 1062 1289 pleraque,
1093 1261 1150 1279 uon
1172 1260 1263 1288 aeque
1286 1249 1425 1278 affirmare
1449 1248 1553 1283 ausim,
1583 1257 1636 1276 uec
1657 1258 1691 1276 ea
1711 1257 1742 1275 re
1762 1248 1883 1276 multum
1905 1245 1942 1274 ad
1962 1245 2049 1273 fidem

352 1309 480 1337 Luciano
503 1308 710 1337 detrahendam
732 1306 870 1342 efficitur,
895 1307 972 1345 quod
993 1307 1186 1336 Philostratus
1206 1307 1415 1335 Demonactem
1436 1314 1472 1333 ne
1493 1304 1582 1333 verbo
1605 1304 1720 1342 quidem
1741 1304 1844 1341 tetigit.
1887 1302 1962 1331 Nam
1984 1311 2049 1330 cum

422 1483 472 1514 62)
492 1482 578 1506 Testis
598 1486 637 1506 est
655 1481 824 1511 Plutarchus,
853 1482 896 1512 qui
915 1480 1032 1512 Delphos
1052 1480 1117 1504 adiit
1136 1487 1162 1504 ct
1180 1480 1269 1504 multis
1288 1480 1386 1504 libellis
1414 1480 1461 1503 has
1480 1487 1521 1504 res
1540 1478 1669 1503 tractavit.
1706 1477 1745 1500 De
1765 1477 1869 1500 defectu
1889 1475 2051 1500 oraculorum

493 1538 549 1562 cap.
562 1534 586 1558 7.
607 1530 705 1555 similes
725 1530 890 1561 quaestiones
910 1529 1021 1560 Pythiae
1040 1529 1186 1560 propositas
1206 1536 1271 1557 esse,
1293 1529 1407 1560 queritur
1426 1527 1596 1556 Plutarchus,
1616 1534 1679 1557 quas
1701 1525 1832 1549 Lucianus
1851 1532 1896 1556 per
1914 1523 2056 1548 ludibrium

493 1579 626 1610 proposuit
645 1578 807 1608 Alexandro,
828 1582 857 1601 ut
876 1577 907 1601 de
924 1578 1032 1601 Homeri
1052 1582 1135 1601 aetate
1148 1596 1153 1605 ,
1174 1577 1205 1600 de
1225 1577 1337 1609 nuptiis,
1357 1576 1432 1600 furtis
1451 1581 1501 1600 etc.
1538 1575 1577 1598 De
1597 1574 1711 1599 oraculis
1730 1573 1837 1606 privatis
1857 1573 1903 1596 cfr.
1923 1572 2056 1596 Hermann

495 1627 513 1651 l.
533 1627 551 1651 l.
571 1629 704 1654 208—14.

423 1676 471 1706 65)
492 1676 563 1705 Quae
582 1675 713 1699 Lucianus
734 1675 764 1698 de
785 1675 912 1703 nummis,
941 1674 1067 1705 Glyconis
1094 1674 1220 1705 serpentis
1242 1676 1266 1697 et
1285 1672 1428 1697 Alexandri
1454 1672 1582 1704 imagines
1610 1669 1791 1695 exhibentibus
1811 1669 1894 1698 dixit,
1921 1668 1998 1692 fidem
2017 1668 2056 1691 hi-

493 1723 646 1748 historicam
674 1722 750 1754 hujus
776 1722 860 1746 libelli
889 1722 951 1746 olim
978 1730 1054 1753 quam
1082 1722 1194 1745 maxime
1222 1721 1376 1745 videbantm·
1396 1721 1536 1745 adstruere.
1578 1720 1718 1751 Supersunt
1738 1718 1805 1742 euim
1825 1717 1974 1741 etiamnunc
1999 1720 2051 1740 tres

494 1772 609 1800 nummi,
638 1772 664 1794 in
686 1778 792 1802 quorum
818 1778 868 1794 uno
896 1771 1104 1802 Jonopolitarum
1131 1770 1210 1801 (quod
1229 1778 1322 1794 nomen
1341 1769 1581 1793 Abonoteichenses
1600 1767 1748 1791 Alexandro
1775 1765 1899 1790 suadente
1925 1764 2053 1789 indidisse

497 1820 555 1844 urbi
574 1826 661 1844 narrat
680 1819 811 1843 Lucianus
839 1827 895 1850 cap.
915 1820 959 1850 58)
987 1819 1091 1850 Glycon
1109 1819 1222 1850 legitur3
1250 1818 1343 1849 reliqui
1358 1817 1617 1842 Abonoteichitarum
1638 1815 1760 1839 exhibent
1784 1818 1810 1837 et
1829 1817 1960 1846 serpentes
1979 1813 2053 1837 duos.

493 1869 529 1892 At
548 1875 676 1899 nusquam
695 1868 842 1892 invenimus
862 1867 1004 1891 Alexandri
1023 1875 1133 1896 nomen,
1153 1867 1199 1891 sed
1218 1866 1280 1890 Veri
1299 1873 1323 1890 et
1343 1866 1469 1890 Antonini
1489 1866 1688 1898 imperatui-uni;
1718 1866 1850 1894 serpentes
1869 1865 1955 1885 autem
1973 1861 2052 1894 Apol-

494 1917 542 1940 lini
562 1917 630 1941 sacri
649 1917 676 1940 in
696 1916 813 1940 millibus
833 1924 995 1940 nummonun
1013 1916 1181 1947 reperiunttn:
1210 1915 1262 1939 Nos
1279 1915 1488 1946 Jonopolitarum
1507 1921 1599 1937 nomen
1615 1913 1670 1944 jam
1690 1915 1765 1935 antea
1783 1910 1841 1935 urbi
1860 1910 1923 1934 huic
1941 1909 2052 1934 inditum

496 1965 671 1997 suspicamur,
700 1972 778 1996 quum
803 1973 878 1989 nemo
898 1965 1044 1996 intelligat,
1075 1972 1125 1995 qua
1153 1964 1183 1988 de
1210 1971 1287 1987 causa
1307 1963 1455 1987 Alexander
1482 1962 1531 1986 hoc
1556 1968 1648 1985 nomen
1669 1959 1775 1991 clegerit
1795 1959 1859 1991 (58.)
1889 1959 1934 1982 cfr.
1955 1958 1986 1982 de
2004 1959 2054 1983 hac

496 2014 649 2045 quaestione
667 2013 806 2045 Spanheim
826 2013 856 2036 de
877 2013 1035 2044 praestantia
1055 2017 1079 2036 et
1094 2020 1142 2036 usu
1163 2004 1347 2036 numismatum
1368 2012 1406 2035 ed.
1428 2015 1451 2038 2.
1471 2019 1495 2043 p.
1517 2014 1582 2038 1773
1603 2009 1633 2033 de
1652 2008 1763 2032 nummis
1783 2015 1798 2031 a
1816 2007 1924 2039 privatis
1944 2007 2055 2031 hornini-

496 2062 546 2086 bus
566 2062 670 2086 excusis
691 2062 736 2086 cfr.
756 2062 841 2093 Pauly
860 2062 922 2085 Eue.
943 2061 973 2090 V,
996 2064 1055 2088 157.
1093 2060 1220 2092 Glyconis
1246 2068 1339 2084 nomen
1368 2060 1400 2083 ad
1426 2059 1568 2088 Glaucum,
1597 2058 1671 2081 deum
1699 2056 1826 2080 marinum
1851 2063 1910 2079 cum
1932 2055 2054 2087 Apolline

497 2114 637 2142 cognatum
655 2110 817 2134 referendum
837 2118 893 2133 esse
915 2110 1032 2142 suspicor
1051 2110 1095 2133 cfr.
1117 2109 1244 2133 Schwenk
1265 2109 1281 2132 l.
1296 2108 1313 2131 l.
1334 2108 1358 2131 S.
1375 2112 1433 2135 513.
1454 2107 1484 2131 de
1504 2106 1682 2131 Abonoteicho
1703 2105 1748 2129 cfr.
1762 2103 1888 2135 Forbiger
1906 2103 2055 2127 Handbuch

498 2158 543 2182 der
562 2159 631 2182 alten
653 2158 816 2191 Geographie
836 2159 855 2187 1,
875 2161 935 2185 405.

425 2207 475 2238 64)
494 2206 533 2230 De
554 2215 604 2238 qua
622 2207 773 2239 quaestione
792 2206 905 2230 nondum
932 2207 995 2230 satis
1024 2206 1153 2238 explicata
1182 2206 1226 2230 cfr.
1247 2205 1298 2229 Dio
1321 2206 1392 2229 Cass.
1412 2204 1469 2229 Lib.
1495 2203 1587 2227 LXXI.
1616 2201 1655 2226 ed.
1676 2201 1748 2225 Sturz
1768 2200 1812 2230 IV,
1835 2204 1896 2228 402.
1923 2200 1968 2230 VI,
1995 2203 2055 2228 691.

498 2254 632 2279 Schlosser
650 2255 850 2280 Universalhist.
878 2255 985 2279 L'ebers.
1005 2255 1049 2283 ΠΙ,
1069 2258 1093 2280 2.
1114 2254 1138 2278 S.
1156 2257 1198 2280 11.
1235 2254 1368 2277 Hermann
1387 2253 1419 2277 de
1438 2252 1565 2277 conscrib.
1584 2251 1645 2275 hist.
1664 2249 1743 2281 praef.
1763 2236 1832 2273 X'VI.

427 2304 477 2335 65)
495 2304 591 2329 Mirum
610 2308 664 2334 est,
693 2304 760 2336 quod
780 2303 871 2327 Rutilii
900 2303 1033 2334 cujusdam
1052 2303 1079 2326 in
1098 2303 1162 2326 Asia
1191 2303 1282 2326 eodem
1308 2308 1421 2334 tempore
1448 2300 1572 2333 praefecti
1599 2299 1749 2329 „Honomm
1774 2298 1889 2322 omnium
1908 2296 2056 2321 candidati“

499 2353 556 2385 (cfr.
575 2353 675 2377 Lueian
695 2357 737 2380 50.
757 2351 786 2377 ἐν
803 2351 913 2377 πολλαῖς
932 2349 1024 2382 τάξεσι
1043 2348 1210 2383 Ῥωμαϊκαῖς
1230 2349 1454 2382 ἕξητασμὲνουῗέ)
1492 2350 1609 2380 superest
1627 2347 1762 2378 inscriptio
1783 2345 1998 2374 monumentalis,
2025 2344 2057 2368 de

499 2409 550 2432 qua
577 2402 681 2434 scripsit
699 2402 792 2434 Zumpt
811 2401 903 2425 Rhein.
922 2401 1043 2425 Museum
1062 2400 1104 2424 fiir
1122 2400 1221 2424 Philol.
1242 2402 1320 2427 1843.
1349 2399 1374 2423 S.
1391 2401 1450 2426 258.
1484 2396 1577 2429 Lepidi
1596 2396 1675 2420 etiam
1694 2394 1816 2426 Epicurei
1835 2402 1851 2418 a
1868 2393 1983 2418 Luciano
2002 2392 2057 2416 lau-

503 2449 557 2473 dati
577 2450 641 2482 (25.)
667 2458 762 2474 nomen
788 2450 816 2473 in
834 2449 1048 2481 inscriptionibus
1066 2449 1179 2481 ponticis
1198 2452 1301 2473 exstare
1320 2448 1466 2472 invenimus
1484 2446 1569 2478 Pauly
1595 2445 1658 2469 Enc.
1676 2443 1721 2467 IV.
1741 2446 1820 2470 1174.
1856 2441 1968 2474 Lapides
1985 2440 2059 2465 uncti

502 2501 528 2522 et
547 2498 677 2529 coronati,
696 2506 760 2530 quos
779 2498 926 2523 adoraverit
943 2497 1056 2522 Rutilius
1076 2496 1140 2528 (50.)
1161 2504 1176 2520 a
1195 2497 1311 2521 Minucio
1330 2496 1419 2521 Felice
1440 2496 1517 2520 etiam
1536 2494 1563 2518 in
1583 2493 1640 2518 Oct.
1661 2496 1685 2520 ὅ.
1704 2495 1885 2516 memorantur.

1745 2544 1763 2571 5
