2280 2777
351 272 439 302 Unde
461 272 580 300 efficitur
603 277 668 300 ante
691 281 795 300 annum
820 275 877 303 170
899 282 927 309 p.
949 271 1014 299 Chr.
1037 271 1223 308 compositum
1245 280 1307 300 esse
1329 272 1405 300 hunc
1425 272 1570 307 libellum,
1594 272 1643 310 qui
1665 272 1768 300 eximio
1790 271 1905 300 videtur
1927 281 1989 300 esse
2012 283 2055 300 ar-

351 332 502 366 gumento,
523 328 683 356 Lucianum
706 328 793 356 etiam
815 338 903 366 quum
924 327 1070 356 historiam
1091 327 1224 355 videatur
1245 328 1385 363 scribere,
1408 329 1524 358 satiram
1546 329 1694 366 scripsisse
1717 333 1745 356 et
1765 338 1824 356 una
1843 327 1969 366 imagine
1991 337 2055 366 pro·

352 385 447 423 posita
468 384 678 412 diversissimas
700 394 753 418 res,
778 383 932 412 dummodo
954 384 1052 421 aliqua
1072 392 1167 411 rerum
1188 383 1374 412 similitudine
1397 393 1542 412 connexae
1565 389 1674 419 essent,
1697 384 1787 413 oculis
1809 384 1966 422 legentium
1989 385 2056 413 sub-

352 441 492 479 posuisse.
519 456 559 460 -—-
586 440 621 468 In
639 441 779 478 Fuyitirz's
806 440 904 478 paullo
931 444 995 478 post
1013 439 1203 477 Peregrinum
1230 439 1360 477 scriptis,
1388 440 1429 478 (1.
1449 441 1478 478 2)
1502 441 1568 469 dum
1590 441 1673 469 nimis
1695 440 1846 475 acerbum,
1877 450 1934 478 quo
1957 444 2056 469 eontra

351 497 478 534 Cynicos
499 496 650 530 saevierat,
673 496 805 533 mitigare
827 496 889 524 vult
906 495 1059 534 judicium,
1082 496 1202 524 affirmat
1224 501 1319 526 tamen
1340 497 1478 534 plurimos
1501 497 1628 534 ejusdcm
1649 497 1774 525 familiae
1796 497 1981 535 philosophos
2002 497 2054 525 hu-

350 553 411 581 mili
433 563 466 581 ac
487 552 585 580 servili
607 552 768 580 conditione
796 557 878 580 natos
907 552 995 580 vitam
1023 561 1110 590 agere
1138 553 1340 591 turpissimam.
1385 552 1469 589 Quod
1496 552 1650 581 dramatico
1672 563 1749 582 more
1771 553 1811 581 ita
1832 553 2051 590 demonstratur,

351 614 384 638 ut
405 609 468 647 ipsa
486 608 674 646 Philosophia
702 619 765 637 cum
785 609 911 637 Hercule
940 613 968 637 et
986 609 1131 637 Mercurio
1160 609 1195 637 de
1224 609 1304 637 coelo
1333 609 1457 637 demissa
1475 608 1684 647 philippopoli,
1713 610 1855 638 Thraciae
1876 610 1963 644 urbe,
1992 615 2052 638 tres

352 665 551 704 philosophos,
580 666 629 703 qui
651 666 727 693 servi
748 665 815 693 olim
837 665 1022 702 aufugerant,
1050 675 1113 693 cum
1135 666 1254 693 muliere
1277 665 1402 703 quadam
1423 669 1507 702 rapta
1527 675 1587 693 rem
1608 666 1746 694 habentes
1768 666 1967 704 deprehendat
1988 676 2052 704 gra-

351 722 534 759 vissimisque
558 731 605 749 cos
627 721 732 750 afficiat
754 721 861 759 poenis.
903 722 1048 750 Adversus
1068 722 1215 750 Indoctum
1237 722 1381 759 quendam
1402 721 1554 755 hominem,
1578 722 1626 759 qui
1648 722 1778 759 quamvis
1800 723 1915 759 ingenio
1939 727 1966 750 et
1988 722 2053 751 doc-

352 777 428 806 trina
450 778 603 806 destitutus
626 782 709 811 esset,
734 787 832 806 omnes
853 777 980 816 undique
1003 781 1146 806 coemerat
1167 778 1272 813 libros,
1296 782 1324 807 et
1345 778 1395 816 qui
1413 778 1572 806 Lucianum
1594 777 1675 806 factis
1696 779 1744 806 vel
1767 778 1850 806 dictis
1872 778 2053 807 lacessivisse

352 834 483 868 videtur,
513 834 695 862 inhumanam
717 844 785 862 sane
808 838 836 862 et
858 838 1001 871 agrestem
1021 834 1167 863 Lucianus
1189 835 1305 873 scripsit
1326 834 1578 868 declamationem,
1606 834 1634 861 in
1657 844 1713 872 qua
1735 835 1893 863 adversarii
1914 840 1973 863 tum
1996 839 2054 864 stu-

353 890 505 928 piditatem
527 895 587 919 tum
609 890 684 918 vitae
706 900 873 928 morumque
895 891 1087 928 impuritatem
1116 901 1225 920 summa
1254 891 1363 920 malitia
1385 891 1523 929 exagitat.
1568 890 1654 926 Quod
1675 891 1810 919 Indoctus
1832 891 1880 919 ille
1902 891 2053 929 Peregrini

351 947 487 975 baculum
510 952 574 974 ante
596 950 716 974 mortem
739 946 899 984 depositum
921 947 1028 975 talento
1051 947 1152 976 emisse
1176 947 1280 976 dicitur
1301 948 1374 985 (35),
1396 951 1462 985 post
1474 946 1625 984 Peregrini
1646 951 1764 975 mortcln
1786 948 1904 985 ejusque
1927 948 2052 986 descrip-

354 1003 462 1032 tionem
484 1002 691 1031 numerandum
714 1007 847 1040 putamus
869 1003 944 1031 hunc
965 1002 1104 1031 libellum.
1146 1003 1213 1032 Jam
1235 1013 1303 1032 vero
1325 1008 1442 1042 propter
1464 1003 1604 1041 ejusmodi
1626 1004 1727 1031 satiras
1750 1014 1836 1041 quum
1857 1014 1939 1032 omne
1960 1004 2053 1042 philo-

351 1059 471 1097 sophiae
493 1069 594 1087 nomen
616 1059 739 1087 invisum
761 1059 853 1087 videri
874 1064 971 1097 posset
994 1069 1056 1087 esse
1074 1059 1212 1095 Luciano,
1239 1060 1363 1089 monitus
1386 1060 1508 1088 fortasse
1529 1059 1565 1087 ab
1589 1060 1693 1093 amicis,
1716 1060 1856 1088 contraria
1877 1065 1906 1088 et
1926 1060 2000 1088 inter
2021 1070 2053 1089 se

352 1116 512 1154 pugnantia
532 1115 561 1143 in
583 1115 689 1144 libellis
711 1116 770 1144 suis
793 1115 985 1153 deprehendi,
1008 1126 1088 1144 suam
1110 1116 1145 1144 de
1168 1117 1211 1144 his
1232 1117 1319 1145 rebus
1341 1116 1511 1144 sententiam
1533 1116 1692 1144 accuratius
1715 1116 1904 1144 definiendam
1926 1126 1988 1145 csse
2010 1127 2054 1145 ra-

352 1176 399 1200 tus
421 1176 473 1200 est.
515 1172 550 1199 In
568 1173 697 1200 Vitarum
718 1173 846 1200 auctione
868 1173 941 1210 (nro.
957 1172 1008 1209 ίιίι)
1032 1173 1251 1210 augustissimos
1267 1173 1444 1210 antiquitatis
1459 1172 1645 1211 philosophos
1659 1172 1782 1200 ludibrio
1798 1172 1953 1208 habuerat;
1978 1173 2056 1211 quod

354 1229 465 1266 aliquot
487 1229 568 1256 annis
590 1232 654 1266 post
673 1238 735 1256 cun]
754 1228 837 1256 nimis
859 1228 960 1256 durum
980 1233 1007 1256 et
1025 1229 1208 1258 inhumanum
1225 1230 1319 1258 visum
1337 1233 1412 1258 esset
1425 1229 1562 1264 Luciano,
1585 1228 1793 1257 retractandam
1812 1239 1871 1257 rem
1891 1233 1970 1258 ratus
1989 1239 2055 1267 apo-

351 1285 459 1323 logiam
480 1285 596 1323 scripsit
617 1285 678 1322 ejus
699 1285 800 1319 libelli,
823 1295 881 1322 qua
902 1285 1112 1322 distinguendis
1132 1286 1256 1324 antiquis
1278 1286 1335 1314 illis
1357 1285 1535 1324 philosophis
1558 1295 1711 1323 corumque
1734 1286 1912 1324 turpissimis,
1936 1286 1985 1324 qui
2002 1296 2055 1314 sua

352 1346 448 1370 aetate
470 1341 616 1375 vivebant,
640 1341 838 1375 sectatoribus,
861 1351 999 1369 summam
1020 1351 1091 1380 prae
1113 1352 1144 1370 se
1166 1342 1222 1371 fert
1243 1352 1329 1370 verae
1350 1342 1552 1381 philosophiae
1574 1342 1796 1370 admirationem.
1838 1342 1920 1371 Fecit
1940 1342 1971 1370 id
1992 1342 2054 1380 qui-

353 1398 419 1426 dem
440 1398 469 1426 in
491 1397 609 1435 egregio
630 1397 729 1425 libello
751 1399 798 1432 54,
823 1398 871 1435 qui
893 1398 1058 1426 inscribitur
1078 1399 1212 1427 Piscator
1233 1399 1294 1427 sive
1316 1400 1531 1434 Reviviscentes,
1554 1399 1583 1426 in
1606 1408 1661 1436 quo
1674 1399 1832 1427 Lucianum
1855 1398 1892 1426 ad
1913 1409 2054 1427 summum

351 1463 421 1482 suae
445 1454 514 1482 artis
536 1454 683 1491 fastigium
704 1463 890 1491 progressum
912 1454 1051 1483 videmus.
1094 1455 1271 1484 Exacerbati
1291 1455 1437 1484 Lucianea
1458 1455 1630 1484 contumelia
1650 1455 1810 1493 gravissimi
1831 1455 1995 1493 philosophi
2017 1455 2055 1484 ad

351 1510 547 1539 ulciscendam
567 1511 699 1548 injuriam
726 1520 762 1538 ex
785 1509 860 1539 Orco
881 1510 910 1538 in
932 1511 1020 1538 vitam
1042 1511 1173 1540 redeunt.
1217 1512 1398 1540 Athenarum
1420 1512 1448 1540 in
1470 1521 1535 1540 arce
1558 1512 1653 1549 agitur
1674 1521 1760 1539 causa
1781 1511 1881 1549 judice
1902 1511 1966 1549 ipsa
1988 1511 2054 1539 Phi-

351 1567 498 1604 losophia,
522 1567 644 1595 testibus
665 1566 797 1595 Veritate
820 1571 848 1595 et
864 1567 1042 1601 Virtutibus,
1067 1568 1259 1597 assidentibus
1282 1569 1460 1607 philosophis
1482 1568 1615 1606 antiquis.
1657 1568 1784 1596 Accusat
1804 1577 1885 1596 reum
1906 1568 2054 1605 Diogenes

353 1623 488 1661 Cynicus,
513 1623 589 1661 quod
611 1633 668 1651 11011
690 1623 776 1651 modo
797 1623 975 1661 philosophis
998 1625 1160 1662 turpissime
1181 1625 1372 1660 maledixerit,
1395 1625 1447 1653 sed
1462 1625 1613 1654 universae
1630 1624 1828 1664 philosophiae
1842 1624 1968 1652 studium
1984 1624 2055 1652 mul-

352 1680 482 1708 titudinis
503 1681 653 1718 imperitae
676 1680 842 1719 exposuerit
862 1680 996 1708 ludibrio.
1038 1681 1143 1718 Majori
1165 1681 1337 1710 dexteritate
1355 1691 1441 1719 quam
1455 1681 1577 1710 veritate
1595 1680 1722 1709 defendit
1749 1690 1779 1708 se
1801 1680 1838 1708 ab
1859 1680 1914 1708 isto
1938 1681 2054 1709 crimine

351 1736 497 1765 Lucianus
521 1737 711 1775 omnibusque
734 1737 877 1774 suffragiis
900 1737 1068 1765 absolvitur.
1111 1737 1221 1775 Negari
1243 1738 1357 1775 quidem
1379 1748 1437 1766 non
1458 1742 1569 1776 potest,
1599 1738 1628 1765 in
1650 1737 1712 1765 aliis
1735 1737 1908 1775 quibusdam
1930 1737 2054 1774 dialogis

343 1803 477 1839 ⁴summos
500 1793 536 1822 ab
560 1803 592 1822 eo
614 1794 702 1822 tribui
723 1793 904 1831 philosophis
926 1793 988 1821 istis
1011 1797 1039 1821 ct
1059 1794 1115 1831 ipsi
1136 1794 1335 1832 philosophiae
1357 1795 1493 1829 honores,
1520 1798 1551 1822 ut
1572 1794 1601 1822 in
1622 1794 1763 1831 Fugitivis
1785 1804 1809 1822 0.
1825 1797 1918 1825 5-9
1942 1794 2054 1822 unicam

352 1849 497 1878 hominum
518 1851 641 1879 salutem
662 1851 691 1878 in
712 1850 896 1888 philosophia
918 1850 1040 1888 positam
1067 1860 1129 1878 csse
1152 1850 1278 1886 dixerat,
1300 1856 1331 1879 ut
1353 1851 1488 1879 Socrates
1511 1851 1604 1884 etiam,
1626 1850 1654 1878 in
1675 1850 1808 1878 vitarum
1829 1850 1959 1879 auctione
1981 1849 2054 1878 ludi-

352 1905 416 1934 brio
438 1906 563 1940 habitus,
585 1907 716 1944 pluribus
738 1907 810 1935 locis
831 1906 967 1935 laudatur
990 1906 1123 1945 (Dcmon.
1143 1911 1188 1938 11.
1207 1911 1254 1939 62.
1277 1917 1335 1935 11011
1355 1912 1422 1936 tem.
1446 1907 1581 1935 credend.
1600 1911 1646 1938 29.
1670 1906 1764 1934 Somn.
1787 1906 1857 1935 Luc.
1878 1906 1928 1944 12)
1951 1911 1979 1934 et
1997 1906 2054 1944 Py-

351 1963 491 2000 thagoras
512 1962 599 1991 Alex.
618 1965 646 1994 [1.
670 1968 768 1991 contra
789 1964 896 2001 injusta
918 1964 1036 1992 crimina
1058 1963 1236 1999 defenditur3
1259 1980 1298 1983 —
1321 1964 1373 1992 sed
1395 1963 1474 2002 quod
1495 1964 1532 1992 ad
1555 1974 1597 1997 ea,
1621 1972 1694 2000 quae
1715 1963 1744 1990 in
1765 1962 1900 1991 Vitarum
1922 1963 2055 1991 auctione

353 2019 468 2047 dixerat
489 2019 642 2053 Lucianus,
668 2020 777 2054 attinet,
799 2020 939 2048 immerito
961 2020 1120 2059 malitiosae
1142 2020 1333 2049 cavillationis
1354 2021 1495 2049 liberatur
1515 2020 1639 2048 crimine.
1681 2020 1839 2048 Piscatoris
1859 2029 1961 2047 nomen
1985 2019 2055 2047 indi-

352 2079 414 2104 tum
436 2079 479 2103 est
508 2075 575 2104 huic
596 2075 684 2110 libro,
714 2076 792 2113 quod
819 2076 873 2105 sub
903 2077 986 2105 finem
1009 2076 1117 2114 dialogi
1138 2076 1283 2105 Lucianus
1312 2078 1395 2106 hamo
1422 2082 1515 2106 sumto
1542 2077 1716 2113 numuloque
1744 2085 1830 2104 aureo
1855 2075 2002 2114 proposito
2023 2080 2056 2104 ut

352 2132 447 2170 pisces
470 2132 559 2160 allicit
580 2132 783 2170 philosophos,
813 2142 934 2170 quorum
956 2133 1005 2171 qui
1032 2142 1099 2161 vere
1121 2133 1279 2171 probantur
1307 2134 1470 2172 philosophi
1493 2143 1596 2163 corona
1617 2133 1767 2170 oleaginea
1788 2137 1938 2167 ornantur,
1965 2131 2056 2170 spurii

354 2198 424 2216 vero
446 2188 566 2217 detonsa
586 2188 679 2217 barba
699 2193 825 2227 notaque
847 2189 943 2218 inusta
965 2189 1152 2218 dimittuntur.
1194 2190 1240 2218 De
1261 2200 1291 2218 se
1314 2191 1376 2228 ipso
1398 2191 1426 2219 in
1448 2192 1503 2219 hoc
1525 2190 1642 2228 egregio
1662 2189 1762 2217 libello
1776 2189 1921 2217 Lucianns
1942 2188 2055 2226 praedi-

353 2244 444 2273 cavit:
467 2241 648 2282 μισαλαζών
669 2246 743 2282 εἰμι,
764 2242 925 2284 μισογόης,
948 2242 1154 2285 μισοψειιδῆς,
1175 2244 1350 2284 μισότυᾳος
1373 2266 1409 2271 --
1433 2243 1611 2285 φιλαλήθης
1633 2245 1675 2281 δὲ,
1699 2242 1877 2283 φιλόκαλος,
1901 2247 2056 2283 φιλαπλο-

353 2297 439 2337 ικᾶς,
471 2301 546 2340 (cap.
565 2301 616 2339 20)
643 2311 697 2330 nec
719 2301 804 2330 facile
825 2302 953 2340 pulcrius
976 2307 1025 2330 aut
1046 2303 1194 2331 venustius
1216 2303 1374 2341 quidquam
1396 2303 1474 2342 apud
1494 2303 1584 2331 ullum
1605 2302 1774 2340 optimorum
1796 2301 1966 2339 scriptorum
1988 2304 2057 2339 poe-

352 2360 485 2386 tarumve
506 2357 666 2393 inveneris,
688 2368 775 2396 quam
796 2359 912 2396 qualem
932 2358 1038 2387 Noster
1059 2369 1122 2397 cap.
1139 2363 1186 2391 16.
1208 2359 1299 2398 ipsius
1320 2360 1518 2398 philosophiae
1540 2358 1794 2387 luculentissimam
1815 2357 1947 2386 exhibuit
1968 2362 1996 2386 et
2016 2358 2058 2386 in-

354 2414 583 2452 geniosissimam
605 2414 836 2453 descriptionem.

514 2470 549 2499 In
572 2471 693 2500 Timone
721 2475 750 2500 et
777 2472 841 2500 aliis
863 2471 1036 2509 quibusdam
1061 2472 1168 2501 libellis
1189 2472 1267 2501 Deos
1287 2472 1474 2510 Deorumque
1499 2471 1606 2500 cultum
1629 2471 1690 2509 jam
1719 2470 1855 2508 tetigerat
1873 2469 1995 2499 Luciani
2016 2479 2059 2498 sa-

354 2527 419 2562 tira,
442 2530 471 2556 et
491 2527 520 2556 in
540 2527 689 2557 Piscatore
714 2528 777 2567 (25)
798 2528 939 2567 Menippi,
961 2529 1053 2567 quiin
1069 2528 1193 2567 dialogis
1207 2533 1382 2558 mortuorum
1400 2528 1566 2566 saepissime
1582 2527 1735 2562 inducitur,
1756 2527 1817 2555 fieri
1834 2526 1966 2555 videmus
1983 2536 2060 2555 men-

1734 2585 1753 2615 4
