2150 2767
943 147 1198 181 —26-

218 250 333 279 tionem.
377 248 487 285 Quibus
508 247 548 275 nil
569 246 749 284 impedimur,
771 246 839 283 quin
861 246 954 274 orbem
975 246 1054 275 illum
1075 246 1260 285 dialoyorum,
1283 248 1332 284 qui
1352 252 1417 276 sunt
1438 249 1472 277 de
1491 249 1574 277 rebus
1595 249 1706 283 (livinis,
1728 249 1784 277 hue
1806 248 1921 277 demum

220 315 386 335 censeamus
408 302 617 332 collocandum.
659 301 694 330 In
714 302 859 330 nonnullis
881 302 957 330 enim
977 302 1181 340 loquacitatem
1204 303 1349 341 quandam
1369 304 1512 333 inveneris
1533 305 1668 340 senilem,
1691 315 1755 334 cum
1777 305 1825 333 alii
1846 314 1922 333 sum-

219 372 266 391 ma
287 360 427 390 elaborati
448 359 503 388 sint
525 362 602 394 arte3
633 361 661 386 et
682 358 813 396 quamvis
836 368 873 387 ex
895 358 1011 388 Somnio
1033 359 1154 387 Luciani
1176 359 1267 397 possit
1289 358 1361 388 effici
1377 359 1429 398 ⁵²),
1455 362 1516 398 jam
1538 371 1659 399 puerum
1678 361 1838 391 Lucianum
1860 361 1921 390 irri-

220 418 321 447 dendis
343 416 517 444 delectatum
538 414 625 443 fuisse
648 414 717 450 diis,
745 415 882 453 majorem
909 419 1004 443 tamen
1032 415 1145 444 illorum
1174 415 1354 453 dialogorum
1374 425 1524 446 numerum
1545 419 1643 447 seriori
1665 423 1760 447 aetate
1783 419 1920 456 composi-

219 479 280 503 tum
300 476 448 511 putamus,
477 471 611 509 quoniam
632 471 833 509 philosophica
855 471 940 500 etiam
963 471 991 499 in
1013 472 1110 500 multis
1131 476 1292 500 tractantur
1313 472 1361 507 iis,
1391 482 1466 510 quae
1487 473 1516 501 in
1536 474 1715 503 Hermotimo
1738 479 1765 503 et
1786 475 1922 504 Vitarum

220 530 349 560 auctione
370 527 508 565 legimus,
538 527 651 556 similia.
693 527 785 556 Nobis
806 532 924 566 propter
950 538 1046 556 rerum
1073 528 1288 556 similitudinem
1309 538 1407 556 omnes
1428 538 1485 557 una
1506 529 1640 559 videntur
1662 540 1724 560 esse
1744 531 1923 566 numerandi,

220 585 366 624 quamvis,
397 593 469 622 quos
490 583 582 621 primo
608 583 672 612 loco
700 584 849 622 posuimus
873 584 982 622 aliquot
1005 594 1142 612 annorum
1164 584 1258 622 spatio
1280 585 1473 623 sejungendos
1495 595 1557 614 esse
1580 587 1771 616 concedamus
1792 588 1829 616 ab
1851 589 1923 617 inse-

220 640 389 680 quentibus,
419 649 543 677 quorum
563 640 679 669 ultimos
700 640 729 668 in
749 640 888 678 Aegypto
918 641 1013 669 forsan
1037 641 1204 669 elaboravit.
1249 640 1322 669 Sunt
1343 646 1438 670 autem
1461 642 1522 680 ejus
1543 643 1657 680 generis
1677 644 1757 673 libri:
1790 648 1924 677 55—68

219 698 385 735 Disputatio
407 707 469 725 cum
491 697 623 732 Hesiodo,
646 698 830 726 Prometheus
851 697 908 725 sive
931 697 1091 732 Caucasus,
1113 699 1147 726 de
1168 698 1234 726 Dea
1254 697 1350 734 Syria,
1373 699 1493 736 Dialoyz'
1512 699 1626 734 marini,
1647 701 1766 739 Dialoqi
1785 702 1923 737 Deorum,

220 754 300 783 Diaz.
324 754 524 788 Illortuorum,
557 753 695 791 Cataplus
716 764 738 782 s.
764 754 790 781 T
782 763 923 791 yramzuS,
949 753 1066 782 Charon
1086 764 1108 782 s.
1133 753 1374 791 Contemplantes,
1396 755 1647 792 Icaromenippus,
1672 756 1826 786 Concilium
1847 758 1922 786 Deo-

219 821 291 845 rum,
313 811 428 848 Jupiter
449 811 620 845 confutatus,
640 811 710 847 «Iup.
732 810 900 847 trayoedus;
921 811 955 838 cle
977 810 1141 848 Sacrificiis,
1163 812 1198 839 de
1209 811 1310 839 Luctu.
1352 811 1511 839 Homerum
1533 816 1565 840 ut
1578 811 1737 841 Hesiodum
1759 811 1844 852 (τούς
1865 811 1924 850 τήν

219 866 384 906 θεογονίην
398 864 532 901 ”Ελλησι
552 862 757 902 ποιήσαντας.
779 865 889 894 Herod.
907 866 947 901 II,
965 866 1017 904 53)
1039 867 1171 905 plurimis
1189 867 1259 896 locis
1281 867 1411 904 exagitat
1425 867 1584 904 Lucianus3
1606 868 1634 896 in
1658 877 1692 897 eo
1714 873 1818 904 autem,
1840 878 1926 907 quem

219 923 342 961 primum
363 922 512 960 posuimus
533 922 665 950 libellum
685 932 747 950 cum
768 923 892 951 Hesiodo
913 923 1041 960 disputat
1061 923 1109 951 vel
1131 924 1229 962 potius
1252 924 1417 962 expostulat
1439 924 1474 952 de
1496 925 1637 962 promissa
1659 925 1775 963 quidem
1796 925 1848 954 sed
1869 935 1926 954 non

219 979 359 1018 praestita
385 988 481 1007 rerum
501 978 661 1007 futurarum
682 978 887 1016 praedictione.
930 979 1034 1008 Videri
1062 980 1151 1015 enim,
1181 984 1230 1009 aut
1250 980 1352 1009 Musas
1380 980 1518 1009 fefellisse
1543 981 1666 1010 verbum
1694 985 1744 1010 aut
1764 981 1925 1010 Hesiodum

221 1035 361 1074 promisso
383 1044 440 1063 non
461 1034 584 1063 stetisse.
626 1034 772 1063 Hesiodus
795 1045 858 1063 cum
879 1034 973 1064 futilia
995 1040 1024 1064 et
1045 1036 1168 1065 ridicula
1188 1037 1217 1065 in
1239 1047 1319 1066 suam
1341 1037 1535 1066 defensionem
1556 1037 1698 1076 proferat,
1727 1038 1873 1066 Lucianus
1894 1037 1926 1066 il-

220 1092 280 1121 lum
301 1092 396 1130 ipsum
418 1101 531 1127 eorum,
556 1101 630 1129 quae
653 1091 766 1126 dixerit,
788 1091 858 1120 nihil
879 1092 1066 1130 perspexisse
1089 1093 1260 1127 arbitratur,
1290 1094 1425 1132 quoniam
1446 1093 1544 1122 divino
1565 1094 1675 1123 scilicet
1696 1094 1792 1123 afflatu
1815 1104 1927 1132 compo-

220 1148 310 1178 suerit
332 1148 467 1177 carmina.
509 1147 615 1186 Majori
637 1158 700 1176 cum
722 1151 784 1176 arte
806 1148 943 1186 scriptum
973 1153 1016 1177 est
1037 1149 1157 1178 Luciani
1179 1150 1363 1187 opusculum,
1391 1150 1420 1178 in
1443 1159 1499 1188 quo
1520 1150 1699 1188 Aeschylum
1721 1150 1818 1179 multis
1840 1150 1927 1188 parti-

219 1205 275 1234 bus
297 1205 439 1240 imitatur,
467 1205 652 1233 Prometheus
673 1205 731 1233 sive
754 1204 909 1233 Caucasus.
951 1204 1065 1234 Affixus
1088 1205 1217 1234 Caucaso
1239 1206 1428 1234 Prometheus
1458 1207 1577 1235 crimina
1607 1207 1635 1235 iu
1664 1207 1757 1245 ipsum
1788 1207 1926 1244 conjecta,

219 1265 252 1291 ut
274 1261 401 1290 absurda
427 1264 455 1289 et
476 1260 598 1289 ridiculo
621 1270 654 1289 ac
675 1265 754 1289 tanto
775 1261 903 1290 Deorum
932 1261 1136 1300 hominumque
1163 1267 1246 1301 patre
1273 1263 1393 1301 indigna
1420 1263 1517 1298 diluit,
1546 1263 1648 1292 merita
1670 1273 1722 1291 sua
1744 1273 1814 1301 erga
1835 1272 1928 1301 genus

218 1318 376 1346 humanum
398 1316 544 1356 depingit,
573 1316 657 1346 Jovis
679 1316 802 1355 denique
824 1318 895 1346 vitia
915 1318 1190 1357 injustissimamque
1211 1319 1240 1348 in
1262 1319 1434 1348 dominando
1456 1319 1605 1348 libidinem
1626 1320 1807 1357 perstringit,
1836 1323 1864 1348 et
1885 1329 1929 1348 sa-

218 1384 274 1403 nae
295 1374 398 1402 mentis
415 1374 484 1412 jura
503 1373 724 1412 libertatemque
747 1374 901 1403 humanam
928 1378 1028 1404 contra
1056 1376 1257 1414 superstitiosa
1285 1376 1467 1405 sacerdotum
1488 1376 1745 1414 theologorumque
1769 1380 1928 1405 commenta

219 1430 358 1460 defendit.
400 1431 447 1459 De
465 1431 530 1459 Dea
545 1431 632 1469 Syria
653 1441 720 1459 num
742 1435 770 1459 ct
791 1441 848 1469 quo
870 1435 1001 1469 tempore
1022 1432 1170 1470 scripserit
1190 1432 1343 1467 Lucianus,
1366 1432 1542 1471 perdifficilis
1565 1437 1608 1461 est
1630 1433 1769 1470 quaestio.
1811 1433 1928 1461 Descri-

223 1488 330 1516 buntur
350 1487 380 1515 in
402 1496 436 1515 eo
456 1486 531 1515 libro
552 1487 633 1515 Deae
655 1486 757 1525 SyrIae
779 1488 797 1516 i.
818 1497 842 1516 e.
864 1487 989 1517 Junonis
1008 1489 1245 1527 Hierapolitanac
1267 1499 1357 1524 sacra,
1379 1489 1544 1518 sacerdotes
1566 1489 1684 1528 (Galli),
1706 1489 1814 1527 templa
1834 1499 1929 1518 sacro-

220 1553 342 1582 rumque
365 1543 406 1571 ibi
418 1543 611 1572 institutorum
627 1543 761 1581 origines,
784 1545 1021 1574 commutationes
1042 1549 1071 1574 et
1086 1550 1239 1574 narrantur
1256 1555 1302 1574 res
1317 1550 1501 1584 portentosae
1516 1550 1603 1584 atque
1624 1545 1818 1574 incredibiles.
1860 1545 1928 1574 Imi-

219 1604 298 1629 tatur
318 1599 412 1628 libelli
434 1603 533 1628 auctor
551 1600 693 1629 Herodoti
719 1610 778 1629 nou
804 1601 891 1630 modo
920 1611 1082 1630 sermonem
1113 1602 1164 1630 sed
1194 1602 1280 1631 etiam
1301 1612 1397 1631 rerum
1418 1602 1585 1640 simpliciter
1613 1606 1641 1631 et
1663 1603 1724 1631 sine
1747 1606 1807 1631 arte
1829 1602 1928 1631 critica

221 1656 458 1695 exponendarum
478 1656 625 1691 rationem,
649 1657 700 1685 sed
721 1657 848 1686 imitatur
869 1657 917 1692 ita,
940 1662 972 1686 ut
992 1658 1107 1687 leonem
1129 1659 1188 1697 (vel
1210 1659 1339 1697 vulpem)
1363 1659 1474 1687 asinina
1495 1659 1571 1697 pelle
1593 1663 1701 1687 tectum
1722 1659 1857 1687 facillime
1879 1669 1928 1697 ag-

221 1724 332 1743 noscas.
374 1713 486 1742 Eadem
507 1713 543 1741 de
566 1723 652 1741 causa
673 1723 719 1742 res
740 1714 892 1742 nonnullas
921 1713 956 1742 de
985 1715 1127 1743 industria
1148 1715 1221 1744 falso
1242 1715 1357 1744 videtur
1378 1725 1524 1750 narrasse,
1554 1715 1631 1753 quod
1654 1719 1752 1744 contra
1772 1715 1929 1743 Dahlman-

221 1771 299 1800 nium
319 1770 493 1799 monendum
514 1769 630 1798 videtur
648 1768 694 1807 ⁵³).
736 1770 911 1805 WctzlariO,
935 1771 1115 1807 Hermanno,
1139 1772 1261 1810 aliisque
1283 1772 1399 1801 libellus
1422 1772 1468 1800 hic
1490 1772 1605 1800 videtur
1627 1781 1690 1800 csse
1716 1772 1878 1800 rhetoricus
1900 1776 1930 1800 et

216 1827 347 1866 juvenile
361 1826 481 1855 Luciani
503 1835 590 1864 opus;
617 1835 653 1853 ex
674 1836 738 1854 mea
761 1832 856 1855 autem
877 1828 1019 1856 sententia
1041 1829 1139 1857 seriori
1157 1829 1272 1857 demum
1285 1829 1431 1857 Lucianus
1453 1832 1548 1857 aetate
1569 1828 1623 1856 hac
1645 1828 1733 1857 satira
1755 1829 1845 1856 voluit
1865 1838 1928 1866 per-

221 1885 362 1922 stringere
385 1882 566 1911 sacerdotum
587 1892 643 1910 non
664 1883 757 1911 minus
778 1885 950 1922 praestigias
972 1890 1108 1924 artesque
1129 1886 1235 1921 malas,
1269 1885 1373 1923 quibus
1394 1885 1556 1923 imperitam
1578 1889 1748 1913 conarentur
1770 1885 1928 1914 obcaecare

221 1940 448 1975 multitudinem,
472 1949 558 1977 quam
579 1939 660 1976 vulgi
681 1940 911 1978 promptissimos
933 1942 971 1970 ad
993 1943 1116 1980 quodvis
1139 1942 1374 1981 superstitionum
1396 1951 1488 1979 genus
1511 1942 1628 1970 animos.
1651 1957 1691 1961 —

383 1997 523 2034 Dialoyos
543 1996 671 2024 marinos
683 1996 746 2024 XV
767 1997 796 2025 in
811 1998 914 2036 quibus
926 1999 1108 2037 Polyphemi,
1132 1999 1238 2033 Protei,
1261 1998 1387 2034 Arionis,
1410 1999 1521 2033 Helles,
1545 1998 1684 2033 Latonae,
1707 1998 1842 2035 Europae
1860 1997 1930 2026 alio-

222 2062 343 2091 rumque
365 2052 425 2081 fata
452 2057 480 2081 et
502 2062 612 2081 amores
633 2057 799 2089 narrantur,
829 2053 979 2092 Odysseae
1005 2056 1176 2094 plerumque
1205 2055 1310 2084 fabulis
1333 2055 1474 2094 copiosius
1498 2065 1531 2083 ac
1553 2054 1740 2083 dramaticum
1762 2054 1791 2083 iu
1811 2054 1929 2083 modum

293 2168 343 2201 52)
364 2168 449 2193 Somn-
468 2168 531 2192 Luc.
547 2172 570 2195 3.
590 2164 702 2192 παιδιάν
723 2177 783 2192 τινα
802 2167 848 2193 οὐκ
867 2166 971 2202 ‹irena-1}
991 2167 1077 2195 ἐδόκει
1098 2170 1175 2202 ἔχειν,
1195 2167 1218 2195 εἰ
1236 2170 1387 2202 φαννοίμην
1406 2166 1486 2193 θεοὺς
1504 2178 1531 2193 τε
1552 2166 1658 2201 γλύφων
1677 2178 1699 2193 κ.
1714 2178 1736 2194 τ.
1749 2167 1770 2193 λ.
1791 2168 1926 2193 Lucianus

366 2216 396 2240 de
416 2225 443 2241 se
462 2219 491 2241 ut
510 2217 657 2248 quindecim
677 2224 802 2241 annorum
820 2225 899 2249 puero
919 2223 1013 2243 nau-rm.

297 2266 346 2298 53)
366 2265 504 2295 Prellerus,
524 2269 552 2289 ut
571 2266 693 2298 permulti
712 2265 764 2296 alii,
785 2266 900 2298 spurium
920 2266 1052 2291 declarant
1071 2268 1120 2292 hoc
1140 2275 1203 2300 opus
1223 2267 1318 2299 <Pauly
1335 2265 1455 2295 Enc.1V,
1472 2266 1551 2297 1167>
1571 2265 1639 2297 quod
1659 2266 1693 2290 sit
1712 2265 1928 2298 superstitiosum,

364 2313 497 2346 frigidum,
516 2315 645 2347 ineptum3
664 2314 821 2339 chtzlarius
841 2314 887 2339 1.1.
907 2323 931 2347 p.
946 2319 979 2342 20
1000 2316 1090 2340 eodem
1109 2321 1223 2349 tempore
1242 2316 1365 2348 scriptum
1381 2315 1534 2347 suspicatur,
1555 2323 1604 2346 quo
1618 2322 1725 2339 amores.
1765 2313 1837 2338 Cous.
1856 2321 1929 2346 prae-

365 2366 435 2386 terea
454 2362 587 2387 Lehmann
606 2363 651 2393 IX,
671 2366 730 2391 383.
768 2363 890 2388 Wielaud
910 2363 940 2393 V,
962 2367 1022 2392 289.
1059 2365 1144 2397 Pauly
1164 2366 1188 2389 S.
1207 2368 1283 2392 1717.
1321 2364 1472 2395 Bernhardy
1492 2371 1530 2394 gr.
1550 2363 1644 2392 Litt.1‚
1660 2366 1721 2390 420.
1758 2362 1832 2387 Alios
1852 2363 1930 2386 etiam

365 2411 495 2443 sophistas
514 2411 675 2436 Herodotum
693 2413 877 2444 perstrinxisse
897 2420 929 2437 ex
948 2413 1082 2438 Plutarchi
1103 2414 1223 2446 operibus
1243 2414 1353 2442 scimus;
1374 2412 1419 2436 alii
1440 2413 1517 2437 etiam
1538 2420 1595 2436 eum
1615 2411 1795 2441 imitabantur,
1814 2414 1843 2435 ut
1861 2411 1928 2435 Pau-

364 2460 465 2489 sanias,
485 2467 535 2491 qua
555 2459 586 2483 de
604 2468 632 2484 re
651 2461 718 2485 conf.
739 2461 824 2493 Pauly
842 2461 904 2485 Eue.
924 2461 969 2491 ΠΙ,
990 2466 1067 2490 1251.
1106 2462 1236 2487 Lueianus
1255 2462 1330 2487 illum
1349 2460 1485 2486 mendacia
1502 2461 1641 2494 protulisse
1661 2461 1727 2485 dixit
1746 2460 1824 2484 etiam
1840 2459 1928 2484 Philo-

365 2508 454 2541 pseud.
476 2512 498 2535 2.
520 2511 544 2532 et
563 2516 639 2533 verae
659 2509 783 2534 historiae
801 2510 832 2540 n,
854 2514 895 2538 31.
