2280 2777
508 605 722 648 LUCIANUS
743 618 973 647 SAnoss'rsxsas
993 621 1025 646 ut
1045 617 1119 645 inter
1140 616 1292 654 scriptores
1310 615 1452 650 Graecos,
1475 615 1523 653 qui
1545 615 1636 653 primo
1660 620 1686 644 ct
1708 617 1833 645 secundo
1854 621 1920 656 post
1941 617 2007 646 Chr.
2028 628 2056 646 n.

370 673 469 702 seculo
491 675 625 710 floruere,
656 675 740 703 facile
760 675 951 713 principatum
972 673 1081 702 obtinet
1103 677 1131 701 et
1151 682 1261 701 summa
1281 672 1309 700 in
1332 671 1453 700 dicendo
1474 671 1627 700 festivitate
1649 676 1734 710 atque
1756 673 1900 712 elegantia
1921 678 1948 703 et
1968 674 2057 703 maxi-

370 740 419 759 ma
439 741 534 760 rerum
555 732 591 761 ab
614 742 647 760 eo
677 732 869 770 expositarum
898 730 1038 759 varietate
1065 734 1093 759 et
1119 730 1215 768 copia,
1245 729 1286 758 ita
1314 738 1351 757 ex
1379 738 1435 766 quo
1463 732 1590 766 tempore
1612 728 1770 758 litterarum
1790 730 1886 759 studia
1905 731 2058 759 instaurari

372 792 476 826 coepta
496 793 575 823 sunt,
604 789 854 827 grammaticorum
875 787 1019 816 hominum
1047 786 1209 815 acutissima
1230 785 1345 824 ingenia
1367 795 1452 823 quam
1473 785 1595 813 maxime
1616 786 1750 814 exercuit.
1794 787 1872 824 Quas
1893 787 2014 816 Photius
2035 788 2056 826 ¹)

370 849 469 873 nostro
487 845 546 883 jam
568 845 707 874 tribuerat
728 844 829 873 laudes
850 849 967 882 propter
987 844 1123 872 sermonis
1145 843 1241 881 graeci
1263 842 1457 880 integritatem
1481 846 1567 880 atque
1588 843 1819 880 perspicuitatem
1840 853 1960 882 eamque
1983 854 2057 872 com-

371 901 521 939 positionis
543 902 722 935 suavitatem,
745 911 802 939 qua
823 905 855 929 ut
871 901 1078 939 jucundissimo
1100 900 1223 929 carmine
1245 899 1420 928 audientium
1441 899 1672 936 permulceantur
1694 900 1787 934 animi,
1813 909 1909 929 earum
1930 910 2056 930 summus

372 957 527 986 admirator
548 958 729 996 imitaturque
751 958 860 986 exstitit
882 958 1017 986 Erasmus
1031 957 1069 995 ²),
1098 957 1147 995 qui
1168 957 1358 985 Horatianum
1379 955 1451 984 illud
1472 971 1511 975 —
1532 959 1563 984 ut
1584 956 1736 984 misceatur
1756 956 1825 984 utile
1847 956 1924 985 dulci
1944 974 1984 977 —
2007 962 2056 986 aut

370 1014 531 1043 Lucianum
548 1014 689 1053 judicavit
713 1019 874 1043 assecutum
896 1023 958 1042 esse
981 1018 1029 1042 aut
1051 1014 1199 1042 neminem.
1243 1013 1368 1041 Tantum
1389 1012 1462 1040 enim
1483 1021 1552 1050 prae
1571 1022 1601 1040 se
1619 1013 1692 1040 ferre
1708 1013 1864 1041 Lucianum
1885 1013 1914 1041 in
1933 1014 2056 1043 dicendo

370 1071 491 1109 gratiae,
514 1072 541 1099 in
564 1071 735 1100 inveniendo
756 1071 915 1105 felicitatis,
939 1075 1049 1099 tautum
1070 1071 1098 1098 in
1115 1070 1242 1109 jocando
1264 1070 1384 1108 leporis,
1406 1069 1435 1097 in
1456 1069 1612 1097 mordendo
1636 1069 1716 1104 aceti,
1741 1073 1769 1098 et
1788 1070 1934 1098 hominum
1953 1081 2056 1107 mores,

372 1127 507 1163 affectus,
537 1128 632 1157 studia
654 1128 736 1166 quasi
758 1128 891 1166 penicillo
913 1127 1027 1166 depicta
1049 1131 1128 1155 tanta
1149 1131 1209 1155 arte
1231 1127 1321 1156 oeulis
1342 1126 1498 1164 legentium
1519 1125 1674 1164 subjicere,
1703 1131 1733 1154 ut
1754 1126 1833 1154 nulla
1853 1126 1955 1163 satira,
1977 1128 2058 1157 nulla

371 1184 519 1213 comoedia
541 1195 604 1213 cum
632 1185 716 1222 hujus
744 1184 866 1222 dialogis
893 1184 983 1222 possit
1004 1184 1170 1222 comparari.
1213 1183 1324 1212 Erasini
1350 1182 1612 1221 interpretationem
1640 1183 1840 1220 versionesque
1867 1187 2009 1213 auxerunt
2029 1189 2057 1213 et

371 1241 609 1276 emendaverunt,
633 1241 682 1279 qui
702 1251 794 1279 usque
815 1241 852 1269 ad
873 1241 946 1270 haec
965 1245 1062 1269 nostra
1083 1245 1211 1279 tempora
1231 1240 1481 1278 grammaticorum
1503 1240 1547 1279 (ut
1569 1249 1632 1268 cum
1652 1239 1771 1268 Horatio
1792 1239 1907 1278 loquar)
1929 1240 2056 1279 equitum

370 1296 530 1326 doctissimi
550 1297 685 1333 feruntur,
709 1297 919 1332 Bourdelotius,
942 1297 1111 1333 Palmerius‚
1134 1297 1206 1326 Tan.
1222 1297 1326 1331 Faber,
1350 1296 1520 1332 Gronovius,
1542 1296 1679 1331 ClericuS,
1700 1296 1796 1324 Moses
1813 1296 1936 1326 Solanus
1957 1302 1986 1326 et
2006 1298 2055 1336 qui

370 1353 487 1382 criticae
509 1354 578 1383 artis
599 1354 685 1383 laude
706 1354 779 1383 inter
801 1364 898 1383 omnes
920 1354 1025 1383 eminet
1045 1354 1110 1382 Tib.
1134 1354 1376 1383 Hemsterhusius.
1419 1353 1539 1382 Gesneri
1565 1363 1650 1392 porro
1674 1353 1800 1382 acumine
1822 1357 1850 1382 et
1869 1353 1974 1382 Reitzii
1995 1354 2057 1383 dili-

369 1409 470 1448 gentia
489 1409 591 1439 mirum
613 1415 750 1449 quantum
771 1411 914 1440 illustrata
926 1411 1044 1440 Luciani
1065 1421 1153 1449 opera
1165 1411 1323 1440 Wielandii
1343 1410 1567 1439 luculentissima
1587 1409 1718 1439 versione
1738 1410 1766 1438 in
1787 1410 1910 1439 omnium
1928 1420 1977 1440 ora
1997 1421 2055 1441 ma-

368 1475 482 1504 nusque
502 1472 703 1505 pervenerunt.
744 1467 814 1497 Post
835 1468 886 1497 hos
908 1468 945 1496 K.
965 1467 1000 1496 G.
1019 1467 1148 1497 Jacobus
1166 1467 1190 1506 ³)
1214 1468 1249 1496 de
1270 1467 1389 1496 Luciani
1409 1467 1538 1505 scriptis,
1561 1471 1663 1502 aetate,
1684 1466 1807 1496 moribus
1828 1467 1969 1505 insignem
1988 1468 2055 1498 doc-

368 1522 445 1552 trina
464 1523 570 1552 librum
591 1524 763 1563 composuit,
790 1534 875 1563 quem
901 1525 991 1554 secuti
1013 1529 1078 1553 sunt
1101 1524 1233 1553 Sti-uvius
1246 1524 1272 1563 ⁴)
1294 1528 1322 1553 et
1342 1524 1518 1553 Wetzlarius
1531 1523 1569 1562 ⁵),
1596 1528 1746 1562 postquam
1768 1523 1804 1552 de
1824 1523 1944 1553 Luciani
1964 1525 2055 1563 philo-

368 1579 472 1618 sophia
492 1584 521 1608 et
541 1580 578 1609 de
599 1581 716 1616 ratione,
739 1591 814 1619 quae
835 1581 877 1609 illi
899 1591 963 1610 cum
981 1581 1148 1610 Christianis
1169 1581 1362 1610 intercesserit
1383 1581 1504 1619 aliisque
1525 1581 1739 1619 quaestionibus
1757 1581 1818 1619 jam
1841 1585 1906 1609 ante
1928 1581 2055 1620 disputa-

368 1641 472 1665 verant
494 1636 542 1665 alii
555 1636 589 1675 ⁶).
617 1653 656 1658 —
684 1638 811 1675 Quorum
832 1637 1058 1667 doctissimorum
1084 1638 1226 1667 hominum
1254 1638 1394 1667 industria
1422 1647 1509 1676 quum
1530 1637 1669 1677 plurimae
1691 1637 1871 1675 quaestiones
1892 1637 2055 1667 Lucianeae

367 1693 440 1721 satis
461 1693 622 1732 explicatae
643 1694 713 1729 sint,
741 1699 895 1733 supersunt
915 1699 1010 1724 tamen
1030 1695 1198 1730 nonnullae,
1226 1695 1255 1723 in
1276 1704 1348 1732 quas
1370 1695 1530 1723 accuratius
1550 1694 1692 1733 inquirere
1718 1704 1822 1733 operae
1842 1694 1966 1733 pretium
1986 1695 2055 1724 mihi

369 1749 539 1785 videbatur,
561 1751 696 1789 quoniam
717 1751 753 1780 ab
775 1751 839 1780 aliis
860 1756 909 1780 aut
929 1752 1051 1780 omissae
1073 1755 1168 1780 essent
1189 1756 1238 1781 aut
1258 1752 1408 1789 inchoatae
1431 1751 1546 1789 quidem
1567 1751 1618 1780 sed
1638 1761 1738 1790 parum
1760 1751 1915 1780 confectae.

530 1807 603 1836 Sunt
624 1811 720 1836 autem
741 1808 802 1846 ejus
823 1809 937 1846 generis
956 1809 1028 1837 haec
1045 1809 1176 1837 maxime.
1218 1809 1338 1837 Luciani
1359 1808 1504 1846 octoginta
1525 1807 1636 1837 circiter
1657 1808 1746 1836 libelli
1767 1817 1854 1846 quum
1875 1808 1904 1836 in
1925 1808 2055 1837 omnibus

369 1861 545 1892 editionibus
559 1868 673 1893 exstent
685 1864 765 1893 nullo
786 1865 885 1894 ordine
907 1865 1045 1904 dispositi,
1069 1865 1203 1904 (disjecta
1223 1865 1306 1904 quasi
1327 1869 1355 1894 et
1368 1865 1526 1894 dilacerata
1537 1865 1664 1894 membra
1676 1864 1789 1903 poetae)
1811 1864 1966 1894 lectoribus
1981 1874 2054 1894 sum-

370 1928 446 1948 mam
468 1919 535 1948 inde
556 1921 652 1959 parari
672 1921 846 1957 molestiam,
874 1931 920 1951 res
941 1932 1010 1951 vero
1032 1932 1049 1951 a
1066 1922 1194 1951 Luciano
1220 1926 1366 1951 enarratas
1391 1921 1555 1960 turpissima
1577 1922 1683 1951 ordinis
1703 1921 1887 1960 perversione
1907 1921 2055 1950 obscurari

460 2063 492 2095 1)
511 2062 635 2088 Biblioth.
655 2064 694 2088 ed.
713 2063 816 2088 Bekker
833 2072 858 2096 p.
878 2066 920 2091 96.
939 2063 995 2088 cod.
1015 2067 1075 2091 128.

458 2111 490 2143 2)
510 2111 591 2144 Epist.
610 2112 693 2144 Lugd-
713 2116 781 2140 1706
801 2113 828 2136 in
847 2112 954 2145 append.
973 2121 998 2145 p.
1020 2115 1089 2140 1862
1109 2113 1184 2145 epist,
1202 2116 1269 2142 4753
1290 2115 1378 2137 auctor
1397 2115 1437 2136 est
1454 2112 1530 2142 idem,
1550 2111 1759 2144 chrysostomum
1779 2120 1811 2137 ex
1829 2111 1937 2137 Luciani
1956 2112 2054 2144 Cynico

510 2161 635 2185 nonnulla
653 2161 679 2184 in
699 2162 939 2192 commentationes,
959 2169 1022 2193 quas
1042 2161 1072 2186 de
1091 2161 1190 2194 Evang.
1206 2161 1317 2186 Joannis
1336 2161 1441 2193 scripsit
1458 2161 1604 2185 inseruisse.

460 2209 493 2241 5)
512 2209 717 2234 Charakteristik
738 2209 859 2234 Lucian’s
878 2217 929 2234 von
947 2210 1081 2234 Samosata
1099 2213 1177 2238 1832.

457 2259 492 2291 4)
511 2258 551 2283 De
570 2258 678 2284 Luciani
698 2262 781 2283 aetate
800 2262 826 2283 et
843 2259 898 2283 vita
916 2259 1058 2291 specimina
1077 2258 1126 2283 duo
1145 2258 1253 2283 Gorlicii
1274 2261 1352 2286 1829.
1371 2262 1414 2285 50.

457 2307 490 2340 5)
510 2307 696 2333 Commentatio
715 2307 746 2332 de
765 2308 874 2333 Luciani
893 2311 989 2338 aetate,
1008 2309 1077 2338 vita,
1095 2308 1199 2340 scriptis
1217 2307 1353 2339 Marburgi
1372 2309 1451 2334 1854.

457 2356 492 2389 6)
510 2356 547 2381 Ut
563 2357 704 2387 Tiemann,
729 2356 845 2382 Vei-such
863 2356 928 2381 iiber
945 2356 1058 2381 Lueians
1076 2356 1242 2389 Philosophie
1261 2355 1314 2381 und
1332 2356 1445 2389 Sprache
1464 2357 1541 2382 1804-
1577 2353 1606 2378 Ρ·
1625 2353 1656 2378 V·
1674 2352 1806 2378 Frltzsche
1825 2353 1857 2378 de
1875 2353 2012 2378 Atticismo
2031 2356 2057 2378 et

512 2405 696 2438 orthographia
714 2405 822 2430 Luciani
841 2408 919 2433 1828.
957 2405 1069 2430 Chlebus
1089 2405 1120 2430 de
1138 2405 1253 2430 Luciano
1271 2404 1424 2438 philosopho
1445 2406 1530 2435 183&
1557 2410 1663 2435 quorum
1689 2403 1916 2428 commentationes
1935 2402 1967 2427 ad
1985 2409 2056 2427 meas

510 2462 603 2479 manus
626 2462 678 2479 non
696 2455 844 2487 pervenisse
865 2454 948 2479 doleo.
984 2455 1114 2487 Insignem
1139 2453 1257 2479 doctrina
1278 2453 1421 2486 judiciique
1440 2452 1558 2477 acumine
1583 2451 1835 2483 commentationem,
1859 2458 1910 2484 qua
1927 2450 2057 2476 Luciam:

513 2511 529 2528 a
547 2503 654 2528 crimine
673 2503 796 2528 librorum
815 2511 945 2528 sacrorum
964 2503 1094 2529 irrisorum
1113 2503 1251 2535 liberatur,
1270 2503 1374 2536 scripsit
1391 2501 1469 2527 Kiihn
1487 2500 1616 2525 Grimmae
1635 2502 1713 2528 1844.

1694 2552 1750 2583 1⁴}
